2673 4295
865 326 979 374 un.
1024 329 1112 372 111.
1167 347 1197 357 -
1230 330 1363 374 car.
1409 330 1501 374 m.
1975 314 2099 379 125

1083 498 1215 579 53.

819 648 886 713 G.
942 650 1191 711 Valerius
1234 652 1490 713 Flaccus.

277 830 359 896 De
407 832 543 896 Caio
597 833 812 895 Valerio
852 835 1056 897 Flacco
1097 834 1192 914 (1)
1235 852 1421 913 pauca
1452 835 1694 896 omnino
1723 833 1935 895 litteris
1963 842 2103 896 sunt

195 914 453 1005 prodita.
499 912 704 990 Aiunt,
748 914 968 976 Patavii
1014 921 1213 974 natum
1261 913 1530 975 floruisse
1557 914 1667 975 sub
1707 913 2101 993 Vespasiano:

196 993 418 1055 ibidem
458 994 667 1132 procul
711 1012 741 1053 a
786 993 1039 1074 publicis
1082 994 1330 1071 negotiis
1373 994 1433 1054 in
1488 1012 1553 1056 re
1613 1003 1859 1073 angusta
1925 992 2100 1056 vitam

194 1072 412 1151 egisse,
482 1073 788 1135 itterarum
846 1074 1056 1136 studiis
1117 1074 1291 1135 unice
1353 1073 1683 1150 intentam,
1750 1080 1806 1135 et
1869 1074 2099 1135 tandem

195 1153 428 1230 integra
472 1160 661 1215 aetate
701 1153 938 1229 obiisse,
985 1152 1312 1233 imperante
1355 1152 1710 1231 Domitiano,
1763 1170 1918 1215 anno
1974 1161 2104 1234 post

196 1232 495 1295 Christum
540 1239 742 1294 natum
787 1241 987 1295 octavo
1029 1241 1086 1295 et
1128 1233 1527 1310 nonagesimo,

248 1310 529 1391 >Scripsit
569 1312 981 1392 Argonauticon
1023 1311 1204 1375 libros
1247 1311 1389 1386 vul,
1457 1330 1707 1391 quorum
1735 1315 2106 1392 'postremus

197 1391 446 1452 mutilus
487 1391 557 1452 ad
601 1409 707 1453 nos
750 1392 1016 1471 pervenit
1056 1392 1175 1483 (2).
1222 1391 1285 1452 ln
1343 1392 1452 1453 hoc
1515 1397 1783 1472 poemate
1845 1391 2106 1468 vestigiis

197 1469 499 1549 ingressus
540 1469 836 1550 Apollonii
879 1472 1091 1533 Rhodi1
1133 1470 1250 1551 (3),
1296 1479 1756 1549 argonautarum
1787 1471 2108 1551 expeditio-

195 1568 333 1611 nem
377 1551 464 1611 sic
503 1550 902 1630 persequitur,
947 1557 1012 1612 ut
1053 1550 1388 1629 complures
1431 1550 1684 1627 fabulas,
1730 1569 1876 1630 quas
1933 1558 2104 1630 poeta

195 1629 618 1693 alexandrinus
662 1630 1066 1693 tantummodo
1107 1630 1407 1706 delibavit,
1450 1639 1653 1692 noster
1690 1630 1879 1692 fusius
1906 1638 2108 1693 narret

195 1728 270 1770 ac
311 1709 532 1771 lautius
572 1717 834 1772 exornet.
880 1710 964 1770 Ad
1009 1710 1239 1772 dicendi
1284 1729 1469 1789 genus
1511 1710 1665 1789 quod
1709 1710 1939 1784 attinet,
1977 1709 2109 1770 Vir-

195 1788 410 1867 gilium
454 1796 710 1860 secutuS,
757 1790 829 1850 ad
875 1789 1036 1850 illius
1079 1791 1194 1849 vim
1238 1798 1295 1852 et
1338 1790 1687 1868 elegantiam
1722 1789 1983 1871 proxime
2012 1807 2109 1850 ac-

196 1868 399 1929 cessit.
443 1866 635 1939 Quare
677 1868 786 1931 etsi
829 1869 890 1931 in
932 1870 1321 1948 Argonauticz's
1363 1887 1480 1930 non
1524 1871 1722 1932 omnia
1765 1869 1996 1940 nitent,
2049 1875 2108 1929 et

198 1946 552 2026 praesertim
582 1947 902 2011 insolentes
931 1948 1225 2010 interdum
1259 1948 1587 2014 locutiones
1615 1948 1907 2027 quandam
1942 1947 2109 2026 quasi

195 2034 435 2089 noctem
477 2027 656 2090 rebus
697 2028 1056 2105 offundunt3
1102 2028 1369 2108 plerique
1410 2036 1604 2089 tamen
1634 2027 1868 2089 Valerio
1897 2026 2107 2088 Flacco

245 2106 427 2170 rimas
466 2105 530 2168 in
595 2106 760 2189 epico
823 2108 1085 2171 carmine
1167 2116 1258 2169 ost
1297 2107 1611 2187 Virgilium
1673 2107 1947 2170 deferunt
1987 2105 2106 2187 (4).

196 2125 603 2260 guintitianus
646 2188 743 2268 (5)
784 2196 982 2250 autem
1027 2196 1276 2250 mutum
1322 2191 1385 2250 in
1428 2190 1557 2250 eius
1598 2196 1786 2251 morte
1834 2205 2111 2250 romanas

197 2265 426 2330 litteras
467 2267 733 2330 amisisse
774 2267 1116 2348 planissime
1160 2268 1553 2330 confirmavit.

265 2483 337 2546 (1)
368 2488 611 2542 Valerius
643 2488 732 2540 hic
764 2489 1006 2550 FlaccuS,
1057 2493 1419 2550 cognomento
1469 2490 1504 2543 S
1525 2500 1554 2539 e
1574 2489 1632 2540 ti
1653 2499 1743 2539 nu
1764 2499 1788 2538 s
1843 2490 1877 2538 Β
1897 2489 2112 2540 albus

199 2547 383 2602 dictus
431 2554 534 2611 est,
584 2553 1016 2630 proptereaquod
1068 2562 1138 2602 ex
1187 2550 1584 2623 nonnullorum
1640 2551 1913 2600 sententia
1951 2557 2115 2602 natus

190 2616 353 2666 esset
379 2613 561 2664 Setiae
595 2625 647 2664 m
673 2615 994 2676 campaniae
1020 2616 1172 2669 urbe.
1197 2612 1342 2663 unde
1366 2612 1805 2663 adolescentulus
1834 2613 2116 2664 Patavium

192 2676 376 2739 yenit.
411 2675 467 2726 V.
504 2679 634 2726 Aur.
661 2674 892 2736 Nomai,
919 2675 1158 2727 Intorno
1183 2688 1220 2726 a
1243 2675 1296 2726 C.
1334 2673 1549 2726 Valerio
1572 2672 1776 2725 Flacco
1797 2674 2115 2746 padovano,

192 2740 402 2788 autore
435 2736 522 2789 del
551 2749 752 2800 poem-a
771 2737 1095 2789 intitulato:
1124 2737 1557 2797 L'Argonautlca,
1583 2737 1859 2795 nemone.
1882 2749 2006 2800 ecc..
2028 2738 2119 2791 nei

196 2798 387 2912 ιιῖἵιὲιζυι·
418 2799 588 2863 Saaqi
617 2797 766 2852 della
795 2800 933 2865 imp.
968 2800 1105 2852 real.
1144 2800 1340 2852 Accad.
1377 2795 1433 2851 αἲ
1464 2799 1715 2857 Padova.
1744 2802 1875 2850 tom.
1900 2810 1976 2852 lv.
1999 2811 2118 2864 pag.

257 2924 327 2982 (2)
363 2922 502 2973 Sunt
534 2921 626 2984 qui
663 2925 888 2985 putent,
940 2925 1158 2985 poetam
1204 2926 1382 2974 morte
1433 2924 1789 2985 praeventum
1813 2958 1828 2982 .
1866 2927 2123 2978 octavum

196 2981 406 3037 librum
445 2984 734 3036 absolvere
769 2996 878 3035 non
913 2986 1178 3047 potuisse.
1215 2986 1269 3035 V.
1307 2987 1543 3044 sema..
1582 2985 1751 3043 Post„
1787 2983 1881 3037 lib.
1915 2988 1998 3038 vl.

257 3048 327 3107 (3)
366 3045 593 3096 Exstant
623 3046 895 3118 hodieque
932 3047 1207 3108 Apollonii
1236 3046 1431 3099 Rhodi¹
1461 3036 1855 3117 Ἀργοναυτικά
1878 3049 1931 3099 in
1954 3049 2126 3119 libros

219 3117 256 3157 v
293 3107 576 3160 distincta.
597 3109 750 3159 —Ex
772 3109 998 3169 Latinis,
1016 3114 1141 3159 ante
1161 3110 1431 3169 Flaccum,
1458 3111 1499 3160 A
1518 3124 1545 3160 r
1561 3122 1594 3171 g
1612 3121 1643 3160 o
1663 3122 1698 3161 n
1719 3121 1751 3160 a
1767 3111 1924 3163 utic
1940 3120 1971 3159 a
1990 3120 2129 3161 scri-

198 3172 385 3220 lserat
432 3170 616 3232 Vari-0,
652 3180 789 3235 quae
826 3171 1091 3233 temporis
1128 3171 1329 3222 iniuria
1433 3172 1665 3223 rierunt.

192 3234 335 3357 Wsss)
357 3231 705 3344 fgssfgffim’
740 3231 909 3293 Epist.
944 3233 1088 3293 erit,
1124 3233 1201 3283 De
1235 3232 1292 3284 C.
1369 3232 1525 3285 alerii
1558 3233 1735 3288 nacci
1785 3232 2128 3296 Argonautic.

190 3372 193 3373 ⁷
255 3355 368 3421 ‘1521
400 3354 480 3407 De
512 3357 641 3409 inst.
672 3358 837 3420 orat„
861 3366 916 3417 x,
952 3359 995 3417 1,
1029 3357 1108 3406 90.
