2673 4295
881 437 995 481 mn.
1041 436 1130 480 111.
1176 452 1202 462 -
1243 405 1503 479 cAP.'1x.
2034 418 2147 479 153

212 519 350 580 mis
378 518 632 594 .,callum
679 536 847 596 quasl
909 517 1201 594 dixerim,
1267 516 1607 580 obduceret.
1673 515 1816 577 Tam
1885 516 2147 579 adversis

209 598 602 676 temporibus
644 596 715 660 de
759 604 946 659 morte
980 597 1197 675 potius,
1249 615 1427 675 quam
1470 596 1540 659 de
1583 596 1697 656 vita
1751 595 1897 656 bene
1952 594 2148 659 beate-

210 697 349 756 que
390 677 749 737 instituenda
793 677 1168 753 cogitandum
1231 676 1368 737 suit.
1435 676 1583 737 Hinc
1647 693 1783 737 vero
1847 674 2145 737 subtristis

209 757 335 818 ille
398 757 582 833 color,
639 757 739 835 qui
795 756 1197 835 philosophica
1243 756 1405 817 illius
1449 756 1657 817 aetatis
1701 772 1879 833 opera
1925 755 2142 846 passim

208 835 529 912 infuscat3
567 804 715 896 ’hinc
759 835 1033 897 mortales
1075 835 1482 913 gravissimam
1532 835 1851 895 stoicorum
1910 835 2144 913 sapien·

217 916 375 979 tiam
439 916 804 993 amplexari,
870 914 971 994 qui
1034 916 1090 975 id
1137 916 1481 994 praesertim
1527 914 1822 990 nituntur,
1872 922 1935 975 ut
1978 920 2143 977 extra

215 1012 467 1056 omnem
512 995 613 1057 teli
642 994 860 1056 iactum
892 1001 1159 1071 surgant,
1194 1002 1257 1054 ut
1293 1012 1471 1073 supra
1497 995 1793 1055 fortunam
1816 996 2139 1069 emineant,

220 1083 294 1135 ut
341 1074 490 1134 nihil
533 1075 771 1135 demum
815 1074 958 1153 ipsis
1000 1077 1118 1135 iam
1154 1074 1260 1149 sit,
1307 1073 1462 1154 quod
1508 1075 1777 1151 timeant,
1826 1075 1980 1153 quod
2012 1094 2144 1153 spe-

222 1163 387 1232 rent,
435 1154 588 1233 quod
631 1154 891 1231 doleant,
938 1154 1092 1233 quod
1139 1154 1455 1215 laetentur.

805 1342 1004 1403 Lucius
1044 1339 1301 1403 Annaeus
1343 1341 1604 1404 Seneca.'

303 1524 490 1596 Quam
536 1526 707 1586 modo
749 1524 1234 1616 adumbravimus
1291 1526 1507 1587 stoicae
1563 1524 1866 1586 doctrinae
1929 1524 2137 1603 imagi

219 1623 384 1680 nem,
431 1606 582 1665 hanc
625 1604 995 1683 potissimum
1040 1604 1101 1664 in
1146 1605 1425 1684 operibus
1460 1604 1583 1665 suis
1614 1604 1989 1683 expressitL.
2022 1607 2138 1667 An-

220 1705 393 1745 naeus
436 1683 645 1746 Seneca
687 1685 804 1763 (1),
851 1684 1155 1747 Cordubae
1198 1693 1371 1745 natus
1415 1685 1475 1743 in
1520 1679 1826 1764 Hispania,
1861 1688 2027 1763 patre
2057 1685 2131 1746 M.

219 1764 467 1824 Annaeo
511 1761 732 1825 Seneca
766 1764 1056 1840 rhetore,
1096 1764 1167 1825 de
1230 1782 1347 1843 quo
1408 1783 1584 1843 supra
1651 1765 2131 1827 commemoravi.

220 1843 712 1904 Adolescentulus
767 1842 1012 1905 Romam
1079 1843 1401 1920 deductus,
1471 1852 1624 1905 tanta
1672 1851 1911 1921 tamque
1973 1846 2132 1906 varia

218 1924 557 1984 eruditione
600 1923 957 1999 acerrimum
1013 1923 1317 1999 ingenium
1386 1922 1664 1998 excoluit,
1730 1930 1797 1983 ut
1860 1924 2136 2002 aequales

218 2020 428 2063 omnes
470 2001 654 2079 longe
681 2002 969 2081 sapientia
1000 2004 1410 2064 antecederet:
1427 2001 1548 2063 Sub
1576 2003 1934 2082 imperatore
1964 2002 2136 2064 Clau-

218 2083 314 2143 dio
357 2083 422 2141 in
464 2081 735 2153 exsilium
764 2089 942 2143 actus
980 2082 1114 2160 fuit,
1154 2082 1318 2160 quasi
1352 2101 1506 2143 unus
1535 2102 1605 2146 ex
1635 2082 1894 2143 moechis
1922 2081 2131 2163 Iuliae,

214 2162 555 2223 Germanici
598 2161 796 2237 filiae3
842 2161 972 2224 iure
1015 2181 1088 2222 an
1133 2161 1355 2223 iniuria
1400 2164 1714 2224 incertum.
1761 2163 1899 2224 Post
1947 2181 2134 2226 annos

119 2260 123 2265 ·
166 2298 173 2304 .
216 2243 405 2303 ferme
449 2233 602 2317 Octo,
647 2241 948 2303 adnitente
977 2241 1320 2321 Agrippina,
1356 2240 1603 2304 Neronis
1633 2248 1845 2318 matre,
1879 2242 1952 2303 ab
1980 2245 2133 2305 exsi-

214 2322 295 2382 lio
338 2329 670 2394 revocatus,
718 2330 1056 2399 praeturam
1101 2329 1159 2384 et
1201 2323 1447 2383 fortasse
1510 2322 1687 2384 etiam
1755 2323 2129 2384 consulatum

124 2419 128 2423 ⁴
214 2399 437 2478 gessit3
468 2419 788 2480 quumque
832 2400 1082 2463 Neronis
1125 2401 1334 2462 studiis
1378 2388 1649 2478 regendis
1692 2402 1953 2463 delectus
1983 2403 2131 2464 suis-

214 2487 327 2557 set,
373 2480 527 2540 fama
567 2481 921 2549 litterarum,
954 2480 1180 2558 ingenti
1212 2481 1551 2542 divitiarum
1583 2481 1750 2559 copia
1782 2487 1840 2541 et
1869 2483 2128 2559 potentia

213 2559 276 2618 in
320 2559 532 2651 primis
574 2559 875 2621 inclaruit
920 2559 1177 2621 Tandem
1222 2568 1531 2622 accusatus
1585 2566 1883 2637 tamquam
1943 2577 2130 2637 popu-

206 2639 356 2700 laris
399 2638 743 2718 pisonianae
785 2639 1234 2717 coniurationis,
1264 2639 1514 2729 ideoque
1544 2657 1575 2698 a
1606 2637 1839 2709 Nerone
1870 2637 1941 2697 ad
1973 2655 2128 2699 mor-

212 2727 332 2779 tem
378 2719 642 2795 adactus,
687 2719 799 2779 sibi
841 2737 1015 2780 venas
1057 2687 1240 2780 incid’i
1283 2717 1478 2795 iussit,
1524 2735 1679 2783 anno
1722 2717 1931 2780 aetatis
1984 2736 2126 2781 suae

214 2797 393 2860 tertio
437 2768 642 2860 ferme
664 2805 721 2859 et
762 2799 1122 2875 sexagesimo
1165 2796 1282 2876 (2).

294 2877 373 2939 De
415 2876 670 2947 Senecae
712 2885 922 2938 natura
965 2885 1023 2938 et
1066 2877 1328 2939 moribus
1361 2877 1626 2939 historici
1658 2844 1975 2939 admodum
2007 2878 2125 2940 dis-

212 2957 407 3019 sident
448 2956 603 3065 inter
642 2974 726 3017 se.
772 2957 895 3025 Hoc
941 2962 1136 3020 tamen
1179 2959 1340 3019 inter
1381 2974 1585 3020 omnes
1629 2964 1878 3035 constat,
1926 2957 2124 3037 philo-

276 3143 335 3199 (1)
370 3140 426 3199 V,
462 3141 748 3199 DmERor.
785 3141 944 3191 Essai
977 3154 1077 3192 sur
1111 3141 1169 3193 la
1200 3142 1286 3192 vie
1333 3143 1384 3192 et
1436 3140 1512 3197 les
1545 3141 1705 3192 ecrite
1756 3144 1817 3193 de
1862 3097 1927 3192 Se
1920 3142 2120 3204 neque.

215 3203 366 3253 Paris
401 3180 539 3263 1’779,
576 3203 660 3253 in·
634 3205 757 3256 -⁰.12
792 3229 854 3237 —
887 3203 1284 3258 commentatio
1317 3203 1383 3252 de
1419 3205 1472 3254 Ι.
1511 3205 1569 3254 A.
1608 3205 1846 3262 Seneca,
1894 3205 2121 3264 eiusque

138 3268 153 3273 “
212 3266 272 3316 in
295 3264 702 3338 philosophiam
721 3265 949 3317 meritis
959 3267 1043 3317 (in
1054 3265 1353 3335 Annalibus
1376 3264 1698 3316 Academiae
1723 3265 2121 3326 gandavensis.)

214 3326 453 3378 Gandavi
491 3330 626 3387 1829,
663 3328 750 3377 in-
724 3328 818 3378 -4⁰.

276 3388 424 3446 (2.)V
463 3366 1343 3453 TAc1T'„Ann.,x11,8;x111,2,
1377 3392 1423 3453 3,
1460 3391 1538 3453 14,
1570 3391 1649 3453 20,
1685 3391 1780 3451 42;
1816 3399 1929 3448 ΧΠ,
1964 3389 2013 3449 ’7,
2038 3391 2116 3448 65,

201 3456 304 3502 'xv
342 3453 417 3513 45
452 3453 532 3513 56,
550 3453 656 3513 60,
694 3452 813 3512 va
849 3453 916 3502 17
