2673 4295
567 374 683 436 158
1205 387 1522 434 ms‘roamc
1580 389 1853 434 carucae

564 473 887 552 decerpcrs
957 489 1023 532 ea
1070 469 1132 530 in
1178 470 1438 531 medium
1484 470 1704 542 attulit,
1752 490 1821 531 ex
1866 468 2083 548 quibus
2122 470 2298 533 liceat
2337 467 2513 532 hau-

515 559 521 566 ·
563 552 729 626 rire,
801 568 1093 630 quaenam
1160 549 1302 612 olim
1349 550 1530 610 suerit
1575 548 1736 610 orbis
1767 549 1958 612 *facies
2001 558 2058 612 et
2100 549 2332 629 divisio,
2392 552 2505 631 qui

564 631 846 694 mortales
889 630 1062 694 initio
1106 637 1294 692 terras
1339 627 1678 706 habuerim,
1739 629 1956 709 quibus
2010 630 2279 693 moribus
2306 680 2322 708 ,
2377 629 2502 709 qua

563 712 714 789 lege,
762 728 949 791 quove
992 710 1244 790 imperio
1287 717 1656 785 regerentur.
1705 708 1865 782 Quae
1910 711 2107 771 omnia
2152 711 2238 771 sic
2281 729 2507 771 narra·

562 792 681 865 vit,
715 798 779 852 ut
864 790 1171 869 erspicuae
1217 789 1538 859 brevitatis
1590 796 1648 852 et
1691 807 1875 868 purae
1918 809 2027 851 nec
2070 790 2343 853 sordidae
2395 790 2503 852 di-

562 870 776 933 ctionis
843 870 1055 932 audem
1098 868 1216 962 sibi
1261 868 1614 932 conciliaret
1654 868 1772 949 (1).

1462 1073 1595 1152 §4-

938 1208 1137 1267 Lucz‘us
1180 1206 1376 1266 Iunius
1419 1205 1738 1265 Moderatus
1786 1203 2115 1265 Columella.

638 1375 718 1439 De
761 1375 876 1436 vita
926 1373 1266 1437 Columellae
1308 1375 1459 1435 nihil
1504 1374 1665 1434 aliud
1712 1374 1897 1435 ferme
1942 1379 2194 1450 constat,
2229 1372 2344 1434 nisi
2376 1370 2488 1433 Ga-

558 1455 729 1517 dibus
771 1461 994 1524 natum,
1045 1454 1156 1515 sub
1199 1452 1422 1515 Tiberii
1466 1461 1524 1515 et
1566 1453 1796 1517 Claudii
1853 1454 2160 1514 dominatu
2231 1453 2486 1513 Romam

558 1533 997 1613 commigrasse.
1045 1535 1289 1596 Praeter
1330 1534 1551 1594 librum
1596 1533 1959 1610 singularem
2013 1534 2089 1593 De
2147 1534 2441 1593 arboribus
2469 1581 2484 1609 ,

558 1622 785 1677 exstant
827 1615 1189 1677 Columellae
1232 1614 1314 1674 De
1357 1634 1418 1675 re
1459 1616 1667 1675 rustica
1699 1612 1836 1673 libri
1866 1612 1973 1679 xil,
2009 1629 2178 1691 prosa
2214 1612 2490 1673 oratione

557 1694 897 1773 conscripti,
943 1695 992 1755 si
1036 1694 1333 1756 decimum
1379 1694 1659 1772 excipiaS,
1707 1711 1884 1771 quem
1944 1692 2025 1752 De
2083 1693 2236 1752 cultu
2293 1693 2489 1753 horto-

556 1794 705 1851 rum,
752 1781 958 1850 rogatu
1003 1773 1197 1834 Publii
1242 1771 1489 1852 Sylevini,
1537 1773 1800 1835 carmine
1866 1772 2104 1833 heroico
2170 1770 2483 1847 exaravit,

557 1861 637 1923 ut,
689 1853 1187 1933 quemadmodum
1232 1859 1483 1912 testatur
1526 1851 1588 1911 in
1634 1853 2033 1930 praefatione,
2083 1850 2333 1928 poeticis
2374 1870 2489 1911 nu-

556 1934 738 1994 meris
781 1933 1045 2011 expleret
1087 1931 1348 2010 georgici
1392 1933 1674 1993 carminis
1706 1939 1899 2010 partes
1944 1950 1974 1990 a
2011 1929 2274 2007 Virgilio
2305 1930 2489 1991 omis-

554 2032 670 2075 sas.
717 2013 781 2074 In
826 2013 919 2074 his
962 2020 1159 2073 autem
1205 2010 1376 2073 libris
1419 2028 1539 2073 non
1585 2012 1782 2073 minus
1827 2009 2272 2088 agricolationis
2318 2010 2486 2088 peri-

556 2100 705 2169 tum,
753 2110 929 2173 quam
976 2092 1253 2169 nitidum,
1300 2097 1528 2153 castum
1562 2099 1735 2171 atque
1766 2091 2094 2168 elegantem
2126 2089 2484 2169 scriptorem

555 2191 616 2234 se
662 2174 884 2252 prodit.
992 2192 997 2197 ·
1045 2246 1050 2253 ,

1460 2318 1488 2396 g
1534 2320 1591 2377 5.

1116 2449 1319 2513 Sextus
1363 2452 1543 2513 Iulius
1586 2452 1917 2513 Frontinus.

633 2622 901 2685 Maximis
944 2622 1269 2685 honoribus
1292 2623 1638 2685 honestatus
1668 2622 1763 2701 (2)
1793 2622 2013 2684 Romae
2043 2621 2246 2684 floruit
2277 2621 2481 2685 Sextus

555 2704 734 2766 Iulius
776 2703 1083 2766 Frontinus
1124 2703 1242 2783 (3),
1288 2701 1476 2764 Nerva
1517 2709 1575 2765 et
1600 2702 1855 2763 Traiano
1888 2701 2373 2781 imperatoribus,
2411 2702 2482 2763 Et

554 2783 664 2846 sub
704 2781 894 2845 Nerva
937 2784 1177 2863 quidem
1221 2788 1454 2844 creatus
1497 2790 1735 2844 curator
1779 2800 2093 2860 aquarum,
2125 2782 2369 2860 scripsit
2402 2783 2482 2843 De

555 2864 979 2943 aquaeductibus
1022 2863 1171 2924 urbis
1206 2862 1416 2924 Romae
1448 2863 1943 2936 Commentarium,
1978 2861 2080 2941 qui
2110 2860 2304 2922 adhuc
2334 2862 2478 2938 legi·

555 2950 674 3013 tur,
719 2941 978 3004 dictione
1020 2942 1161 3004 satis
1205 2941 1487 3020 castigata
1531 2950 1589 3004 et
1617 2941 1822 3002 latina.
1857 2941 1931 3002 At
1961 2959 2079 3002 non
2110 2941 2321 3004 iisdem
2353 2942 2478 3004 stili

617 3164 678 3221 (l)
713 3162 767 3215 V.
807 3161 1110 3225 hecnam,
1145 3163 1287 3215 mss,
1323 3163 1391 3214 de
1429 3164 1615 3225 Pomp.
1657 3162 1794 3213 Mela
1823 3163 2050 3225 eiusque
2073 3162 2217 3213 libro
2240 3163 2315 3223 (in
2340 3162 2478 3216 edit.

470 3294 478 3301 ο
556 3224 747 3286 Pomp.
787 3223 993 3281 Melae).

617 3289 679 3346 (2)
716 3287 768 3338 V.
808 3286 978 3347 Pam„
1016 3285 1130 3347 Ep„
1170 3298 1246 3347 w,
1281 3290 1345 3347 8,
1385 3298 1435 3347 v,
1472 3286 1526 3339 6.

618 3350 678 3407 (3)
712 3347 863 3400 Alius
898 3348 964 3398 ab
999 3347 1100 3397 hoc
1134 3351 1218 3398 est
1255 3348 1503 3400 Iulius
1540 3345 1990 3409 FrontinuS,
2028 3350 2262 3411 scriptor
2300 3349 2380 3399 De
2419 3360 2482 3400 re

557 3412 785 3474 agraria,
822 3415 877 3462 et
914 3414 1159 3472 tempore
1194 3412 1485 3472 posterior.
