2673 4295
514 377 630 439 146
1151 390 1467 464 n1sr0R1Au
1511 390 1780 435 cmTIGAE

507 494 651 550 cam,
686 472 1000 551 agnomine
1031 472 1476 551 philosophum,
1510 473 1800 533 Annaeum
1830 470 2098 534 Senecam
2126 473 2436 548 Novacum,

509 555 603 616 cui
648 562 843 632 postea
888 572 957 614 ex
1001 552 1317 631 adoptione
1361 553 1538 612 Iulius
1575 552 1753 613 Gallio
1784 569 2000 613 nomen
2032 552 2168 626 fuit,
2204 561 2442 632 postre-

510 650 606 694 mo
670 632 736 692 L.
804 634 1095 694 Annaeum
1156 633 1365 692 Melam
1400 680 1414 706 ,
1461 631 1681 692 Lucani
1727 636 1931 711 poetae
1976 641 2306 710 parentem.
2365 633 2443 695 Ut

508 712 834 774 liberorum
858 711 1150 773 deside-rio
1180 711 1547 772 satisfaceret
1576 721 1797 787 noster,
1832 719 2029 772 exacta
2062 711 2178 770 iam
2211 721 2437 789 aetate,

509 793 712 854 decem
761 791 1285 859 Controuersiarum,
1336 791 1456 851 sive
1503 791 1812 852 Causarum
1854 791 2207 850 iudicialium
2245 791 2439 853 libros

510 873 822 948 evulgavit,
869 890 940 931 ex
980 870 1206 946 graecis
1249 877 1305 931 et
1349 870 1551 932 latinis
1583 870 1919 933 rhetoribus
1947 870 2311 952 depromtos.
2350 872 2440 932 Ex

510 952 602 1011 his
645 951 814 1012 libris
856 949 1120 1029 quinque
1167 956 1393 1009 tantum
1438 957 1637 1010 extant
1679 951 1870 1026 latini,
1916 950 2234 1013 admodum
2293 969 2442 1011 mu·-

511 1032 600 1091 tili
644 1040 702 1092 et
744 1029 1032 1108 corrupti,
1083 1028 1309 1107 primus
1354 1028 1646 1104 videlicet,
1693 1028 1986 1091 secundus
2014 1080 2028 1107 ,
2093 1030 2391 1108 septimus
2419 1078 2435 1103 ,

510 1114 702 1172 non‘ils
746 1117 803 1172 et
844 1108 1131 1170 decimus.
1179 1108 1266 1168 Ad
1317 1107 1725 1169 Controversias
1767 1110 1991 1171 accedit
2056 1109 2208 1169 liber
2274 1129 2438 1171 unus

514 1189 932 1265 suasoriarum,
978 1207 1130 1268 quae
1172 1188 1311 1248 licet
1355 1206 1386 1246 a
1431 1188 1651 1249 Seneca
1697 1198 1825 1266 post
1873 1189 2282 1251 Controversias
2311 1189 2440 1250 edi-

514 1278 604 1331 tae
649 1270 888 1338 fuerint,
947 1268 1121 1344 vulgo
1186 1276 1385 1328 tamen
1448 1268 1566 1328 illis
1629 1269 1820 1329 solent
1883 1266 2205 1347 praemitti.
2272 1268 2439 1341 Quae

513 1350 751 1428 quidem
797 1348 1231 1408 controversiae
1260 1354 1318 1408 et
1347 1348 1672 1419 suasoriae,
1704 1348 2058 1409 domesticae
2089 1356 2266 1425 atque
2298 1368 2440 1408 urn-

515 1427 1226 1489 bratilisexercitationis
1269 1445 1470 1500 causa,
1517 1426 1589 1486 ab
1633 1428 1706 1488 iis
1749 1427 2067 1506 disceptari
2120 1426 2438 1500 solebant,

515 1507 618 1586 qui
661 1507 723 1565 in
765 1507 1071 1568 rhetorum
1117 1506 1334 1567 scholis
1380 1506 1751 1584 eloquentiae
1795 1525 2033 1585 operam
2092 1506 2335 1582 dabant,
2382 1517 2444 1570 et

516 1586 817 1648 communi
863 1585 1103 1647 nomine
1146 1587 1570 1646 declamationes
1607 1587 2059 1665 appellabantur
2089 1586 2203 1663 (1).
2240 1588 2439 1658 Quum

515 1675 714 1727 autem
759 1665 1097 1727 huiusmodi
1142 1666 1602 1727 declamationes
1645 1669 1704 1726 in
1753 1668 1887 1727 ficto
1930 1675 2282 1742 argumento
2318 1668 2444 1746 ple-

515 1765 768 1823 rumque
810 1753 1210 1819 versarentur,
1258 1744 1448 1822 iisque
1492 1746 1685 1805 inanis
1730 1764 1929 1806 rerum
1978 1754 2196 1821 tumor,
2243 1755 2302 1806 et
2344 1763 2446 1807 va·

515 1826 796 1886 nissimus
839 1826 1267 1887 sententiarum
1313 1825 1596 1902 strepitus
1640 1825 1880 1898 inesset,
1927 1825 2103 1885 tiebat
2147 1826 2436 1892 omnino,

518 1915 586 1965 ut
627 1906 1026 1966 adolescentes
1070 1924 1139 1965 ex
1178 1904 1297 1964 inis
1326 1905 1630 1965 rhetorum
1665 1905 1914 1965 officinis
1944 1904 2216 1981 digressi,
2251 1923 2439 1982 qunm

516 1986 580 2046 in
625 1986 821 2045 forum
864 1984 1153 2054 venirent,
1200 1983 1262 2042 in
1306 1984 1490 2042 alium
1536 2003 1597 2045 se
1644 1992 1935 2045 terrarum
1980 1984 2180 2044 orbem
2214 1984 2439 2046 delatos

518 2071 819 2143 putarent.
865 2063 1023 2123 Nihil
1068 2064 1251 2137 enim,
1301 2063 1362 2122 in
1406 2063 1478 2123 iis
1522 2063 1761 2138 scholiS,
1808 2084 1877 2125 ex
1920 2064 2011 2123 his
2049 2083 2199 2142 quae
2232 2063 2295 2122 in
2330 2085 2441 2125 usu

518 2143 806 2205 habemus
849 2152 953 2221 aut
994 2143 1316 2205 audiebant
1361 2151 1462 2203 aut
1506 2143 1797 2205 videbant.

600 2224 908 2284 Caeterum
974 2243 1043 2285 ex
1107 2224 1268 2284 hisce
1330 2223 1861 2285 declamationibus
1924 2223 2157 2284 abunde
2200 2223 2437 2300 quidem

520 2310 680 2383 patet
721 2303 954 2380 hispani
998 2304 1251 2363 rhetoris
1296 2322 1545 2364 acumen
1589 2310 1646 2363 et
1688 2302 2016 2378 ingenium.
2066 2303 2311 2364 Altiores
2355 2302 2440 2363 ibi

520 2383 868 2451 sententiae,
916 2383 1256 2460 vivisiaeque
1300 2383 1589 2458 imagines
1635 2385 1849 2460 passim
1882 2391 2226 2443 occurrunt.
2257 2381 2448 2444 Stilus

522 2469 611 2525 est
639 2461 932 2536 concisus,
969 2469 1235 2538 argutuS,
1282 2462 1499 2539 gravis,
1547 2462 2033 2524 translationibus
2077 2462 2328 2533 creber3
2376 2481 2464 2532 eo,

522 2550 720 2604 tamen
763 2542 898 2602 fuco
942 2541 1154 2617 illitus,
1200 2543 1304 2620 qui
1350 2541 1647 2621 poeticum
1693 2543 1946 2602 maxime
1989 2543 2249 2604 colorem
2293 2543 2433 2605 rese

520 2640 680 2699 renS,
728 2640 759 2681 a
802 2622 1000 2684 nativo
1043 2622 1332 2683 orationis
1377 2622 1634 2684 candore
1677 2621 1949 2685 discedit.

1430 2808 1563 2885 §022

1015 2938 1242 2999 Marcus
1286 2938 1497 2999 Fabius
1546 2937 1949 3011 Quintilianus.

610 3101 889 3165 Venimus
933 3103 1005 3163 ad
1050 3105 1373 3176 rhetorem,
1422 3105 1608 3166 multo
1651 3107 1918 3166 omnium
1965 3106 2456 3186 celeberrimum,

527 3184 630 3263 qui
672 3190 1013 3261 argenteam
1058 3191 1308 3245 aetatem
1346 3183 1743 3246 illustrarunt.
1776 3187 2001 3247 Marcus
2033 3188 2241 3249 Fabius
2277 3187 2462 3262 Quin-

591 3354 657 3412 (1)
693 3352 770 3402 De
805 3351 1090 3403 Sua-sortis
1124 3355 1178 3403 et
1214 3351 1619 3406 controversiis
1652 3355 1777 3406 vide
1813 3356 1949 3405 Dial.
1986 3356 2052 3406 de
2088 3367 2263 3409 cauSS.
2300 3367 2456 3412 corr.

531 3414 701 3478 eloq„
737 3426 854 3478 cap.
891 3424 1058 3466 xxxv.
1097 3413 1172 3466 Cf.
1212 3417 1351 3477 lov„
1386 3418 1497 3469 Sat.
1535 3417 1578 3479 1,
1617 3420 1694 3468 16.
