2673 4295
552 373 668 435 174
1158 357 1502 433 'nisi-omar:
1551 385 1824 431 onmem:

554 497 668 566 ωε,
700 489 894 569 qualis
925 488 1195 551 videlieet
1224 488 1507 549 historiae
1537 486 1834 565 epitomen
1878 485 2089 562 deeet3
2135 474 2293 546 hauri
2342 483 2505 546 ine·

550 570 842 648 legantem
886 569 1063 632 etiarn
1108 567 1350 637 dixeriS,
1396 568 1445 629 si
1502 566 1815 631 verborum
1871 565 2074 628 sordes
2138 564 2451 627 eluantur
2481 610 2505 643 ,

547 649 904 713 deteriorem
950 655 1198 711 aetatem
1246 648 1601 710 redolentes,

1450 887 1478 966 ἕ
1525 888 1584 948 5.

1291 1036 1493 1101 Sextus
1538 1038 1748 1117 Rufus.

634 1222 906 1302 Eutropii
969 1222 1234 1303 aequalis
1298 1220 1497 1285 Sextus
1553 1222 1776 1302 Rufus,
1844 1222 2202 1285 Breviorinm
2243 1229 2302 1285 et
2343 1222 2487 1302 ipse

554 1303 888 1381 composuit
948 1304 1208 1368 historiae
1268 1321 1578 1373 romanae,
1641 1303 1989 1381 imperatori
2051 1302 2485 1366 Valentiniano

553 1381 929 1461 inscriptum,
974 1383 1036 1443 in
1080 1399 1197 1461 quo
1222 1381 1443 1443 cursim
1474 1389 1531 1444 et
1559 1384 1976 1462 properantius
2013 1383 2261 1444 fortasse
2291 1401 2483 1461 quam

555 1480 664 1542 par
703 1462 802 1540 sit,
849 1481 942 1524 res
984 1479 1266 1524 romanae
1305 1476 1630 1522 narrantur
1671 1480 1859 1541 usque
1902 1461 1975 1521 ad
2020 1460 2248 1523 obitum
2285 1463 2486 1542 impe-

555 1541 770 1604 ratoris
811 1541 1056 1605 Ioviani.
1114 1541 1242 1603 Alia
1308 1559 1546 1621 quoque
1606 1541 1715 1603 sub
1777 1541 1913 1603 Rufi
1976 1541 2219 1603 nomine
2282 1542 2485 1603 fertur

557 1621 748 1700 opella
794 1622 874 1682 De
913 1623 1222 1701 re9i0nibus
1249 1623 1401 1683 urbis
1432 1622 1661 1698 Romae,
1693 1620 1795 1683 ubi
1824 1622 2020 1683 omnia
2054 1628 2173 1681 tam
2203 1619 2479 1701 publiea,

556 1719 732 1781 quam
777 1702 1004 1781 privata
1049 1701 1313 1763 aedificia
1358 1700 1701 1763 brevissime
1752 1699 2189 1763 deseribuntur.
2250 1700 2478 1763 Verum

557 1782 607 1843 si
651 1799 765 1860 qua
809 1780 969 1843 hisce
1011 1780 1227 1842 libellis
1270 1781 1566 1843 historico
1594 1787 1795 1843 nostro
1831 1787 2001 1860 parta
2048 1789 2136 1842 est
2179 1779 2337 1850 laus,
2405 1800 2476 1844 ea

558 1879 699 1924 sane
741 1861 1397 2019 exdipso)argumento,
1445 1878 1563 1922 non
1606 1879 1677 1923 ex
1716 1860 2004 1923 orationis
2047 1859 2340 1937 elegantia
2384 1869 2478 1923 est

558 1949 800 2022 repeten
844 1960 876 2002 a
920 1943 976 2024 (1
1023 1986 1037 2000 .

1447 2143 1581 2243 ge.

1239 2313 1441 2376 Lucius
1483 2315 1786 2396 Ampelius.

641 2517 730 2579 Ab
772 2516 1059 2597 Eutropio
1099 2523 1157 2580 et
1200 2517 1378 2594 Rus0,
1426 2519 1527 2597 qui
1570 2536 1665 2580 res
1718 2535 1993 2580 romanas
2046 2517 2108 2579 in
2173 2517 2477 2599 epitomen

562 2588 902 2676 coegeflmt,
947 2598 1103 2659 haud
1146 2598 1541 2676 seiungendus
1584 2605 1672 2660 est
1712 2599 1911 2660 Lucius
1952 2598 2261 2681 Αηιρεῑίαε,
2296 2619 2478 2680 quem

564 2678 833 2758 plerique
877 2679 948 2740 ad
991 2679 1325 2757 sequiorem
1370 2678 1521 2740 hane
1564 2678 1731 2739 latini
1773 2680 2064 2740 sermonis
2100 2687 2354 2741 aetatem
2385 2699 2481 2741 re-

564 2760 764 2820 ferunt
804 2758 922 2838 (2).
969 2756 1078 2818 Hie
1105 2757 1335 2819 Librum
1363 2760 1740 2820 memorialem
1768 2759 2047 2835 exaravit,
2078 2759 2339 2821 Macrino
2370 2777 2481 2822 suo

563 2836 941 2916 inscriptum,
972 2838 1034 2898 in
1065 2854 1198 2917 qun,
1232 2837 1368 2899 stilo
1412 2857 1553 2899 usus
1593 2838 1752 2899 nudo
1796 2846 1853 2898 et
1893 2839 2171 2917 simplici,
2219 2838 2483 2901 breviter

565 2917 848 2978 adeo‘res
889 2917 1254 2996 perstrinxit,
1301 2934 1451 2996 quae
1493 2918 1554 2977 in
1601 2925 1720 2979 toto
1763 2917 1904 2979 orbe
1947 2926 2140 2982 essent
2184 2936 2483 2980 memora-

565 2995 728 3067 biles,
780 2997 1124 3075 praesertim
1169 3015 1306 3059 vero
1350 3015 1499 3077 quae
1541 2997 1612 3057 ad
1670 2996 1978 3059 historiam
2007 3045 2022 3076 ‚
2081 2998 2151 3059 ad
2210 3005 2486 3060 astrono-

567 3076 748 3139 miam
792 3082 850 3138 et
890 3077 1307 3156 geographiam
1352 3076 1738 3157 pertinerent.

631 3300 694 3357 (i)
728 3297 782 3348 V.
821 3297 1137 3348 Tzscnucn:
1173 3301 1225 3349 et
1259 3298 1521 3350 Memnon
1554 3299 1609 3350 in
1644 3299 1773 3350 edit.
1812 3302 1936 3352 Sex.
1972 3299 2091 3354 Rus.

631 3362 693 3419 (2)
727 3361 893 3418 SAxss,
931 3359 1230 3420 onomast..
1267 3362 1310 3419 I,
1346 3365 1455 3414 430.
1489 3388 1552 3398 -
1584 3366 1922 3425 Uscanam,
1965 3362 2195 3415 Dissert.
2245 3362 2320 3417 de
2353 3364 2488 3419 Am-

570 3421 718 3484 pelio
750 3421 807 3473 in
840 3421 1081 3474 editione
1116 3423 1442 3485 ampeliana.
1708 3421 1717 3430 ’
