2673 4295
973 401 1092 445 ue.
1139 403 1219 445 iv.
1242 419 1270 429 -
1296 402 1432 445 uxr.
1474 401 1605 446 xm.
2130 384 2244 445 189

318 478 667 560 decerptum
711 482 783 544 de
825 482 1153 562 republica,
1200 482 1650 547 Satur-nolierunt
1678 481 1815 543 libri
1837 481 1951 556 wl,
1985 489 2044 543 et
2072 481 2241 545 libel·

319 559 416 621 lus
460 561 543 622 De
585 563 917 640 differentiis
956 573 1012 624 et
1036 566 1380 625 societatibus
1419 565 1608 642 graeci
1631 564 1902 642 latinique
1922 564 2095 631 verbi:
2127 582 2238 625 nec

318 641 885 719 praetermittendus
907 642 1224 704 Martianus
1246 644 1466 704 Mineus
1490 642 1542 702 F
1542 644 1659 703 elix
1684 640 1931 722 Capella,
1958 642 2129 703 cuius
2154 643 2240 704 le-

316 719 486 796 gitur
506 718 815 800 Satyricon,
865 739 1072 783 novem
1100 722 1269 784 libris
1290 730 1590 785 constans,
1615 723 1830 800 partim
1853 721 2072 792 soluta,
2100 739 2238 800 par-

317 800 427 859 tim
484 801 749 862 numeris
798 802 1076 864 adstricta
1120 803 1411 864 oratione.
1435 801 1520 861 Ex
1542 801 1636 862 his
1669 800 1787 861 duo
1819 801 2046 879 priores
2068 800 2238 861 sabu-

316 878 439 938 lam
483 889 730 940 narrant
771 881 1112 962 Nuptiarum
1156 882 1495 960 Philoloyiae
1545 892 1597 942 et
1645 881 1956 950 Mercuriu-
2014 879 2232 958 reliqui

313 966 541 1037 septem
566 959 768 1021 laudes
797 962 1102 1035 continent
1142 963 1586 1039 grammaticae,
1631 957 1992 1027 dialecticae,
2028 958 2232 1021 rheto-

314 1037 500 1116 ricae,
544 1040 924 1117 geometriae,
971 1042 1405 1116 arithmeticae,
1437 1040 1834 1101 astronomiae
1865 1047 1922 1100 et
1947 1038 2227 1102 musicae.

395 1116 460 1177 In
506 1136 569 1181 re
597 1127 795 1180 autem
826 1121 1212 1197 grammatica
1243 1120 1591 1199 praesertim
1623 1119 2029 1190 elaborarunt,
2063 1135 2233 1195 prae-

314 1202 405 1257 ter
448 1196 810 1274 Frontonem,
854 1198 925 1260 de
968 1218 1085 1279 quo
1128 1219 1305 1277 supra
1351 1198 1612 1260 diximus
1639 1199 1759 1278 (1),
1791 1198 2008 1259 Marius
2046 1196 2231 1259 Victo.-

311 1278 493 1351 rinus,
537 1276 731 1338 Aelius
772 1279 1041 1355 Donatus,
1087 1280 1282 1340 Aelius
1324 1280 1684 1357 Auyustinus,
1731 1276 1963 1338 Flavius
2009 1274 2231 1357 Caper,

312 1352 514 1416 Sextus
558 1356 890 1437 Pomponius
932 1359 1164 1436 Festus,
1210 1360 1422 1422 Nonius
1462 1358 1795 1427 Marcellus,
1865 1356 2045 1416 Velius
2086 1355 2231 1415 Lon·

309 1453 431 1511 qus,
465 1433 691 1497 Servius
720 1438 948 1498 Maurus
976 1438 1310 1511 Honoratus,
1340 1438 1392 1497 F
1394 1439 1569 1497 lavius
1599 1435 1886 1517 Sosipater
1918 1432 2220 1505 Charisius,

311 1515 619 1590 Diomedes,
669 1516 1015 1586 Priscianus,
1067 1515 1388 1579 Consentius
1428 1516 1649 1594 aliique
1677 1563 1692 1588 ,
1740 1530 1994 1593 quorum
2048 1531 2226 1591 opera

309 1593 372 1653 in
435 1613 621 1655 unum
687 1613 901 1676 corpus
964 1603 1239 1674 congesta
1304 1596 1561 1673 primum
1620 1594 1804 1656 edidit
1858 1592 2016 1654 Elias
2080 1593 2226 1653 Put-

308 1672 508 1734 schius
551 1674 669 1754 (2),
715 1676 1057 1755 nuperrime
1095 1694 1231 1737 vero
1260 1674 1304 1735 F
1310 1675 1599 1737 ridericus
1629 1674 2069 1734 Lindemannus
2100 1672 2224 1751 (3).

388 1752 496 1815 Hic
537 1754 681 1816 satis
721 1756 836 1816 erit
876 1756 947 1817 de
991 1755 1416 1816 illustrioribus
1460 1755 1708 1815 huiusce
1739 1753 1949 1814 aetatis
1977 1752 2227 1830 scripto-

306 1831 473 1894 ribus
536 1852 821 1914 perquam
886 1835 1141 1897 breviter
1182 1834 1439 1897 dixisse:
1485 1852 1690 1896 omnes
1733 1834 1888 1894 enim
1947 1832 2222 1910 persequi

306 1910 526 1972 infiniti
567 1914 765 1994 operis
808 1923 981 1991 esset,
1026 1924 1201 1993 atque
1254 1913 1327 1973 ab
1390 1911 1827 1975 adolescentum
1891 1909 2224 1972 rationibus

309 1990 611 2070 alienum,
656 2011 909 2071 quorum
964 1994 1154 2072 gratia
1220 2002 1422 2055 noster
1484 1993 1580 2054 hic
1642 1992 1834 2053 omnis
1879 1989 2048 2051 labor
2113 1989 2225 2050 fuit

305 2080 634 2153 susceptus.
681 2072 766 2134 Ob
807 2073 958 2134 hanc
1002 2073 1370 2154 potissimum
1413 2090 1680 2134 caussam
1736 2070 1810 2130 ab
1866 2069 1987 2130 illis
2041 2068 2219 2130 etiam

305 2149 803 2230 disputationibus
845 2153 1127 2231 abstinui,
1174 2153 1389 2233 quibus
1431 2153 1788 2215 recentiores
1831 2149 1891 2210 in
1947 2149 2216 2210 intimam

303 2229 638 2293 litterarum
684 2233 1003 2294 latinarum
1046 2234 1336 2295 rationem
1383 2232 1572 2293 fusius
1615 2230 1969 2311 inquirunt:
2018 2244 2086 2292 eo
2130 2230 2217 2291 vel

304 2311 562 2373 maxime
605 2313 761 2392 quod
806 2313 1155 2379 ⁴huiusmodi
1220 2310 1833 2374 animadversionibus
1894 2309 2221 2371 latissimus

304 2408 550 2468 campus
594 2391 816 2471 patebit
858 2392 919 2452 in
962 2393 1325 2466 acroasibus,
1374 2391 1588 2472 quibus
1634 2390 1917 2452 maiorem
1963 2389 2103 2449 huic
2133 2389 2224 2449 hi-

264 2470 524 2532 ‘storiae
566 2471 755 2534 lucem
803 2479 977 2551 atque
1027 2472 1480 2551 amplitudinem
1533 2487 1901 2531 accessuram
1962 2467 2216 2529 confido,

302 2546 613 2611 Caeterum
656 2551 1028 2629 eloquentiae
1068 2551 1362 2613 studiosos
1403 2551 1780 2611 vehementer
1818 2546 2122 2617 hortabor,
2155 2555 2220 2607 ut

302 2627 459 2689 hanc
482 2629 812 2692 litterarum
836 2630 1152 2690 latinarum
1178 2630 1626 2705 haereditatem,
1647 2645 1823 2708 quam
1843 2645 1873 2686 a
1894 2625 2219 2687 maioribus

305 2709 521 2770 nostris
577 2710 951 2789 accepimuS,
1017 2709 1468 2788 diligentissime
1533 2714 1812 2769 tueantur
1854 2705 1992 2786 (4),
2038 2706 2217 2784 idque

306 2787 540 2865 saepius
583 2789 781 2851 animo
823 2797 1120 2868 reputent,
1167 2789 1343 2851 Italos
1386 2786 1708 2850 commodis
1750 2787 1873 2847 suis
1905 2804 2214 2865 perperam

306 2867 695 2945 consuluisse,
717 2870 1201 2949 quotiescumque
1225 2886 1424 2932 rerum
1443 2885 1686 2928 suarum
1709 2866 1962 2947 pertaesi
1977 2873 2213 2928 externa

305 2953 363 3006 et
391 2948 714 3010 adventicia
761 2950 1165 3015 tantummodo
1209 2954 1602 3011 sectarentur.

369 3099 433 3157 (1)
466 3099 578 3151 Lib.
617 3111 691 3160 w,
729 3111 842 3163 cap.
879 3103 924 3150 9.
1197 3104 1257 3161 (2)
1292 3101 1561 3157 Hannov„
1602 3109 1688 3149 an.
1727 3106 1891 3157 111ch,
1931 3094 2084 3145 in-4·.

366 3162 428 3218 (3)
463 3161 695 3223 Lipsiae,
731 3173 816 3213 an.
855 3164 1204 3229 uncccxxxl,
1226 3163 1336 3213 vol.
1374 3167 1403 3214 3
1438 3162 1588 3214 in-4·.

286 3250 289 3253 >
368 3223 431 3278 (4)
467 3223 526 3273 In
564 3224 701 3274 hanc
733 3233 850 3274 rem
886 3225 1009 3275 vide
1031 3226 1128 3274 -sis
1164 3225 1470 3275 orationem
1506 3224 1587 3274 De
1621 3229 1819 3273 srvmo
1863 3228 2219 3275 Lirrnmnvu

230 3310 233 3311 ν
303 3294 622 3336 mmmmm
655 3287 711 3336 in
747 3285 908 3347 libra,
936 3287 1028 3348 qui
1055 3286 1402 3337 inscribitur:
1450 3285 1733 3338 'rhomae
1769 3279 2106 3335 Vallaurii
2144 3289 2220 3339 O-

303 3347 612 3401 rationes
655 3347 923 3398 habitae
959 3349 1024 3399 in
1068 3348 1422 3399 auditorio
1457 3350 1748 3401 maximo
1783 3353 1840 3404 R.
1879 3352 2222 3409 Athenaei

306 3405 760 3461 Taurinensis
810 3408 886 3460 ab
935 3421 1107 3461 anno
1142 3411 1603 3479 unaccmeggad
1638 3424 1792 3466 ann.
1828 3424 1888 3465 u.
1929 3426 2078 3468 neec.
2116 3420 2215 3475 ml.

305 3468 437 3531 Aug.
477 3469 857 3534 Taurinorum,
895 3482 963 3523 ex
999 3471 1147 3523 Offic.
1186 3474 1308 3535 Reg.
1347 3484 1432 3525 an.
1469 3482 1683 3537 nsccc,
1714 3477 1796 3528 ml
1833 3476 1968 3529 iti-8·
