2673 4295
821 338 937 382 Lus.
982 337 1049 381 11.
1094 353 1126 366 -
1168 337 1300 382 uAP.
1346 337 1449 381 vu.
2020 323 2098 386 75

171 433 456 495 secutus»,
512 372 934 497 cmpfflm²'in
974 418 1416 501 epigrammatis
1465 417 1663 481 minus
1716 422 2044 484 verecunda
2074 471 2092 501 ,

170 497 475 562 nonnulla
519 496 698 560 etiam
753 496 1002 558 obscena
1044 497 1390 575 inseruerit,
1435 517 1469 559 a
1512 497 1845 560 carminum
1901 501 2097 564 nitore

173 586 245 642 et
283 584 613 647 venustate,
647 576 891 639 omnino
939 576 1343 640 abhorrentia.
1386 575 1504 641 Nec
1545 578 1758 640 desunt
1814 579 1917 658 qui
1958 587 2102 660 poe-

172 666 307 720 tam
369 664 642 719 nostrum
708 655 1140 733 criminentur,
1204 657 1361 736 quod
1411 657 1473 719 in
1521 658 1983 736 digressionibus
2038 668 2098 723 et

173 735 732 816 comparationibus
760 735 1003 811 nimius,
1048 735 1418 814 longioribus
1447 736 1624 799 etiam
1670 745 1728 800 et
1754 737 2104 802 durioribus

174 817 380 880 verbis
423 815 560 896 plus
601 832 791 894 aequo
848 815 1322 897 indulserit‚(1).
1368 815 1531 889 Quae
1619 817 1817 879 uidem
1859 818 2102 898 parcius

176 896 432 960 omnino
474 903 533 958 et
583 894 1072 975 circumspectius
1123 897 1189 957 in
1231 895 1462 959 Catullo
1512 916 1585 957 cu
1613 897 1836 976 panda,
1886 897 2100 961 merito

175 974 628 1057 improbantur,
675 993 858 1054 quum
901 975 1139 1055 ineptus
1179 974 1446 1037 imitator
1487 995 1554 1037 ea
1597 976 1922 1039 studiosius
1963 995 2103 1040 con-

179 1063 472 1121 sectetur.
748 1064 754 1070 ’

1075 1202 1208 1281 §2-

787 1349 854 1426 Q.
901 1352 1163 1414 Horatius
1205 1353 1464 1416 Flaccus.

265 1540 345 1600 At
383 1539 708 1618 lyricorum
736 1537 1013 1618 princeps
1054 1539 1210 1618 apud
1240 1539 1539 1601 Romanos
1580 1538 1835 1601 habetur
1883 1537 1951 1614 Q.
1988 1541 2101 1603 Ho-

182 1620 367 1682 ratius
408 1617 650 1679 Flaccus
702 1616 833 1697 (2);
878 1617 1136 1696 insurgit
1176 1618 1333 1680 enim
1387 1618 1738 1698 aliquando,
1783 1626 1841 1682 et
1890 1620 2101 1699 plenus

187 1707 279 1763 est
322 1697 710 1761 iucunditatis
750 1705 810 1760 et
848 1697 1096 1775 gratiae,
1142 1705 1201 1760 et
1241 1697 1421 1761 variis
1451 1698 1657 1776 figuris
1698 1705 1756 1761 et
1795 1699 1989 1762 verbis
2018 1700 2102 1762 fe-

182 1778 470 1841 licissime
514 1777 706 1838 audax
746 1775 864 1858 (3).
910 1777 1101 1850 Quare
1143 1777 1545 1850 Quintilianus
1622 1777 1689 1856 4)
1750 1778 1911 1841 hunc
1951 1779 2100 1860 lyri-

186 1877 394 2001 {orum
446 1858 573 1920 fere
613 1856 806 1920 solum
857 1857 1102 1935 dignum
1153 1856 1256 1938 qui
1304 1857 1537 1936 legatur
1626 1857 1781 1921 icere
1830 1875 1951 1920 non
1992 1858 2102 1920 du-

227 1939 397 2001 itavit
467 1939 504 1998 5
542 1984 555 1997 .
2046 1955 2051 1961 ·

267 1937 550 2080 Hominis
593 2016 822 2095 primus
864 2015 1019 2095 apud
1062 2015 1361 2078 Romanos
1409 2014 1614 2078 stilum
1656 2014 1744 2078 sic
1782 2015 2097 2095 adhibuit,

188 2105 256 2162 ut
301 2116 435 2161 cum
480 2096 688 2158 Atticis
730 2096 802 2159 de
851 2095 1188 2159 urbanitate
1237 2096 1334 2177 (6)
1382 2095 1784 2159 contenderet.
1831 2095 1955 2159 Hoc
1997 2114 2103 2158 au-

186 2183 311 2242 tem
340 2186 427 2240 est
469 2183 842 2253 consecutus,
873 2176 1073 2239 nescio
1115 2175 1259 2255 quid
1287 2183 1564 2258 argutum
1592 2175 1788 2239 verbis
1815 2177 2098 2255 indendO,

187 2276 311 2339 quo
367 2258 462 2318 vix
509 2255 922 2336 conspicienda
984 2274 1186 2318 rerum
1237 2255 1495 2317 confinia
1558 2263 1617 2318 et
1673 2257 2105 2336 repugnantias

186 2344 390 2418 posset
429 2335 789 2416 exprimere.
836 2334 985 2397 Hinc
1025 2335 1347 2408 Quiritium
1403 2354 1631 2414 sermo,
1675 2354 1797 2398 non
1841 2344 1958 2398 tam
2002 2354 2105 2398 vo-

190 2416 367 2479 cibus
404 2434 582 2495 quam
626 2415 922 2478 coloribus
964 2414 1282 2489 adauctus,
1329 2423 1627 2478 versutam
1680 2417 1852 2495 plane
1895 2414 2103 2477 celeri-

190 2503 382 2557 tatem
421 2502 475 2558 et
519 2494 776 2556 urbanos
817 2495 968 2557 sales
1011 2494 1085 2557 ab
1127 2512 1197 2557 eo
1239 2494 1482 2567 habuit,
1529 2495 1743 2574 quibus
1791 2502 1963 2560 antea
2006 2512 2103 2555 ca-

188 2581 418 2637 ruerat.
494 2575 557 2636 ui
616 2574 739 2635 nim
763 2574 1060 2650 ultimam,
1086 2575 1167 2635 ita
1188 2574 1463 2651 dixerim,
1489 2593 1731 2635 manum
1754 2573 2097 2653 accepisset,

188 2655 286 2718 vel
331 2654 390 2714 in
430 2673 507 2716 an
536 2673 673 2734 iqua
717 2654 868 2716 vitae
909 2652 1311 2734 simplicitate,
1358 2654 1448 2715 vel
1489 2654 1553 2714 in
1597 2653 1823 2716 bellicis
1865 2651 2103 2732 expedi·
2157 2727 2158 2730 Ἴ

188 2734 491 2811 tionibuS,
538 2734 626 2797 vel
669 2734 906 2796 demum
948 2734 1106 2796 inter
1146 2733 1501 2795 tribunicios
1548 2733 1835 2795 clamores
1876 2741 1935 2795 et
1975 2732 2103 2793 vul-

186 2832 363 2891 nera,
409 2832 561 2894 quae
603 2813 1030 2893 rempublicam
1075 2813 1515 2875 exhauserant?
1595 2858 1601 2864 ,

251 3001 322 3062 (1)
356 3002 593 3061 Scamc„
627 2999 800 3059 Post..
834 3001 916 3052 vI.

252 3065 322 3122 (2)
354 3063 586 3113 Exstant
617 3062 828 3113 Horatii
865 3062 1168 3113 carminum
1211 3061 1329 3114 sive
1373 3061 1601 3112 odarum
1634 3060 1852 3123 lib..1v;
1889 3058 2103 3123 epodon

184 3124 288 3178 lib.
331 3128 375 3185 13
413 3129 466 3175 et
500 3134 719 3175 carmen
753 3125 1015 3175 seculare.

252 3187 321 3248 (3)
354 3186 411 3237 V.
449 3187 646 3248 moi-z,
681 3187 760 3237 De
790 3186 940 3237 felici
973 3184 1196 3237 audacia
1229 3184 1461 3237 Horatii.
1502 3184 1613 3237 len.
1652 3186 1789 3237 1762.

249 3250 322 3309 (4)
352 3249 435 3300 De
468 3249 639 3300 instit.
674 3251 833 3308 orat„
866 3259 920 3307 x,
956 3252 999 3308 i,
1032 3250 1110 3298 96.

252 3312 324 3371 (5)
355 3311 413 3361 V.
449 3312 492 3361 1.
528 3311 682 3362 CAEs.
721 3312 956 3370 scama„
994 3310 1167 3370 Poet„
1202 3319 1255 3360 v.
1289 3309 1339 3361 ’1.

252 3372 324 3433 (6)
359 3372 634 3434 ΟυιΝΤιι.,
670 3382 756 3435 op.
792 3372 901 3431 cit„
936 3372 1020 3431 vl,
1055 3375 1102 3432 3,
1141 3372 1214 3423 17.

2227 2531 2234 2538 ⁹
2297 2560 2362 2598 «Α

2265 2624 2338 2672 <L
