2673 4295
60 2813 81 2940 m

877 376 993 421 Lm.
1038 377 1104 420 11.
1149 394 1176 404 -
1217 377 1349 420 CAP.
1396 378 1518 421 v111.
2083 360 2156 423 77

220 456 590 536 imperantis
632 457 876 519 consilia
919 459 1074 520 cives
1103 458 1176 520 ad
1205 457 1994 537 effoeminatum‘quemdam
2023 459 2159 520 lan-

218 553 485 614 guorem
529 535 908 615 inclinarent,
957 537 1211 600 Catullus
1250 535 1372 617 (1),
1416 538 1609 599 Albius
1642 537 1893 599 Tibullus
1936 538 2035 598 alii
2082 555 2158 602 ue

224 616 309 676 ad
356 615 574 693 elegias
616 633 851 695 quoque
893 617 1217 678 exarandas
1257 617 1528 678 animum
1571 617 1990 678 adiunxerunt.
2030 557 2157 691 guo

220 695 460 757 factum
503 703 605 765 est,
654 703 719 755 ut
761 695 1163 768 Quintilianus
1204 696 1300 776 (2)
1344 702 1674 766 testaretur,
1711 696 2010 760 Romanos
2038 698 2158 761 ele·

221 775 328 853 gia
376 792 610 854 quoque
651 773 904 839 Graecos
946 793 1258 854 superasse
1302 775 1424 856 (3).
2220 786 2226 794 '

311 853 583 916 Tibullus
627 855 889 933 equestri
918 854 1146 915 familia
1176 855 1399 917 Romae
1430 861 1595 916 ortus
1625 872 1781 917 anno
1810 854 1977 916 urbis
2006 873 2155 918 con·-

222 933 393 996 ditae
432 950 601 1011 noxe,
648 935 883 996 florenti
925 934 1119 996 adhuc
1161 941 1352 997 aetate
1392 933 1665 1011 decessit,
1726 953 1910 1014 quum
1967 953 2154 998 annos

223 1013 420 1076 ferme
462 1013 853 1093 quadraginta
916 1021 1073 1075 esset
1130 1021 1327 1075 natus,
1393 1014 1509 1076 Pro
1569 1016 1804 1092 generis
1866 1014 2154 1091 dignitate

152 1126 155 1129 ¹
223 1091 560 1155 liberaliter
600 1093 928 1169 institutuS,
973 1092 1272 1171 egregiam
1313 1093 1530 1155 litteris
1571 1092 1812 1174 operam
1853 1093 2049 1171 dedit,
2094 1104 2154 1157 et

221 1172 301 1234 de
348 1191 515 1236 more
552 1172 834 1235 iuvenum
878 1190 1262 1235 romanorum
1318 1181 1561 1237 strenue
1610 1173 1788 1235 etiam
1847 1173 2166 1236 militavit,

308 1251 533 1313 Tibulli
573 1252 796 1329 elegiae
825 1253 921 1332 (4)
950 1252 1212 1315 iucundo
1240 1253 1670 1315 sententiarum
1702 1252 1957 1321 candore
1980 1271 2152 1333 prae·

221 1332 434 1393 sertim
477 1331 994 1409 commendantur,
1039 1341 1098 1394 et
1137 1333 1472 1394 inaffectata
1514 1332 1618 1393 illa
1679 1332 1803 1393 stili
1863 1332 2150 1412 simplici·

222 1418 371 1488 tate,
415 1430 533 1491 qua
577 1413 663 1482 fit,
710 1418 776 1471 ut
819 1411 1081 1484 carmina
1124 1433 1196 1474 ex
1235 1412 1400 1473 illius
1441 1411 1680 1488 ingenio
1711 1411 1876 1473 nullo
1947 1430 2150 1476 rorsus

222 1489 429 1553 labore
472 1490 711 1554 fluxisse
752 1491 1063 1553 videantur
1105 1492 1224 1571 (5).
1272 1492 1583 1554 Praeterea
1640 1508 1824 1570 quum
1875 1430 2147 1557 'ilibullus

219 1569 450 1632 multus
494 1569 780 1632 fueritin
823 1570 1168 1648 amoribus,
1233 1572 1423 1651 ipsius
1481 1570 1702 1649 elegias
1764 1570 1867 1632 illa
1931 1571 2147 1634 coloris
2213 1588 2214 1591 ’

217 1652 522 1712 moestitia
567 1648 907 1728 comitatur,
954 1669 1105 1730 quae
1147 1650 1511 1712 amatoribus
1555 1649 1978 1729 perfamiliaris
2018 1672 2145 1714 esse

216 1731 550 1793 consuevit.
596 1729 746 1804 Hinc
787 1749 922 1794 vere
962 1730 1180 1793 cecinit
1221 1729 1462 1793 Ovidius
1504 1730 1644 1810 (6):

434 1829 654 1897 'Donec
685 1849 850 1897 erunt
881 1847 1033 1906 ignes
1065 1856 1348 1908 arcusque,
1377 1844 1670 1907 cupidinis
1701 1856 1874 1908 arma,

467 1925 763 1977 Discentur
793 1924 1032 1984 numeri,
1067 1925 1212 1976 culte
1247 1924 1480 1986 Tibulle,
1517 1925 1619 1976 tui.

1106 2075 1135 2154 ἕ
1178 2076 1237 2134 2.

726 2193 925 2255 Sextus
967 2193 1232 2255 Aurelius
1277 2190 1626 2273 Propertius.

293 2327 409 2389 Sex
451 2335 681 2389 tantum
723 2344 1017 2392 annorum
1059 2323 1249 2405 spatio
1311 2342 1345 2385 a
1400 2321 1636 2385 Tibullo
1695 2321 1874 2385 distat
1930 2320 2134 2384 Sextus

210 2409 477 2470 Aurelius
521 2409 847 2489 Propertius
867 2431 889 2477 ‚·
932 2414 1105 2467 natus
1147 2411 1235 2480 est
1272 2402 1438 2467 ¹enim
1480 2420 1637 2465 anno
1666 2401 1832 2463 urbis
1860 2402 2131 2465 conditae

209 2487 447 2548 ncxcvl.
478 2488 650 2549 Hunc
679 2486 849 2547 aiunt
874 2505 944 2548 ex
971 2484 1214 2546 Umbria
1256 2490 1453 2550 ortum
1497 2482 1723 2559 suisse3
1769 2488 1829 2543 at
1869 2499 2128 2560 quanam

207 2565 368 2628 urbe
410 2569 651 2630 omnino
692 2567 987 2628 incertum
1029 2573 1140 2625 est.
1183 2562 1431 2625 Videt-ur
1469 2569 1669 2623 autem
1734 2561 1887 2621 ultra
1955 2560 2130 2639 quin-

88 2653 97 2666 *
206 2657 340 2709 tum
382 2656 440 2710 et
480 2648 909 2727 sexagesimum
953 2645 1164 2706 aetatis
1224 2660 1449 2704 annum
1512 2640 1692 2702 vitam
1752 2658 1921 2714 suam
1983 2657 2127 2719 pro-

204 2729 471 2790 duxisse.

268 2863 330 2919 (I)
363 2860 602 2912 Omnino
632 2857 739 2910 tria
770 2859 898 2909 sunt
929 2855 1126 2908 Catulli
1157 2854 1404 2907 carmina
1424 2853 2126 2923 elegiaca,'quoru1n.prae-

199 2925 429 2987 eipuum
463 2922 603 2973 illud
635 2924 737 2982 est,
770 2919 917 3032 ᾳιὲοᾱ
949 2918 1258 2981 inscripsit:
1290 2917 1385 2968 De
1421 2916 1457 2967 C
1478 2926 1633 2967 oma
1675 2914 1713 2965 B
1733 2926 2083 2967 erenrces
2104 2954 2117 2967 .

266 2990 333 3044 (2)
368 2986 409 3035 o
455 3025 466 3037 .
502 2985 614 3046 cit„
648 2995 701 3042 x,
741 2986 784 3042 1,
853 2986 897 3033 3.
1562 3039 1573 3049 ι
1847 3019 1851 3023 Α

262 3053 329 3107 (3)
364 2997 604 3100 vf'cun„
640 3046 991 3103 Hnnrzmznc,
1024 3042 1103 3092 De
1127 3042 1416 3103 poetarum
1439 3039 1657 3112 elegiae.
1682 3038 1824 3100 apud
1847 3039 2117 3091 Romanos

198 3110 518 3176 principum
550 3108 769 3169 ingenio
803 3110 857 3157 et
888 3109 1021 3157 arte.
1057 3101 1381 3154 Halberstad
1417 3104 1555 3163 1842,
1591 3102 1742 3173 iri-42
1852 3162 1863 3172 ,

262 3176 329 3232 (4)
365 3171 594 3234 Scripsit
626 3168 874 3229 Tibullus
906 3167 1204 3228 elegiarum
1238 3165 1333 3215 lib.
1369 3164 1456 3225 111,
1490 3173 1793 3235 carminum
1826 3161 1921 3234 lili.
1958 3160 2002 3233 ζ.

248 3235 328 3293 ,(5)
363 3235 527 3294 Ηοιι.,
561 3232 763 3294 Epist.,·
786 3232 828 3293 Ι,
862 3234 924 3291 4;
960 3229 1141 3288 VELL„
1176 3229 1240 3286 11,
1275 3228 1353 3277 36.
1387 3249 1450 3261 -
1479 3225 1558 3275 De
1589 3225 1649 3276 Α.
1688 3223 1889 3275 Tibulli
1924 3224 2040 3294 vita
2059 3225 2117 3273 et

193 3297 428 3349 carmin.
454 3296 592 3357 disp.
618 3295 810 3356 serips.
838 3293 934 3344 ΕΒ.
963 3291 1019 3342 Α.
1045 3290 1100 3341 G.
1128 3291 1329 3341 Sponu.
1356 3287 1469 3349 Lip.
1495 3290 1631 3339 1819.
1655 3313 1717 3321 —
1735 3287 1811 3336 De
1827 3289 1888 3339 Α.
1910 3283 2114 3356 Tihplll

192 3359 317 3413 vita
350 3363 405 3410 et
436 3368 601 3411 carm.
636 3357 855 3409 dissert.
891 3357 990 3407 Pu.
1029 3353 1107 3404 De
1140 3351 1417 3407 Gonnum.
1453 3350 1626 3403 Paris.
1663 3352 1801 3404 1824.
1979 3354 1992 3358 ’

256 3423 326 3484 (6)
358 3422 569 3485 Amor„
603 3421 648 3482 1,
683 3422 760 3483 15,
794 3421 872 3472 28.
