2673 4295
526 403 606 467 52
1160 418 1472 467 msa-omas
1512 415 1785 466 emman:

606 498 1035 564 Grammaticae
1077 502 1223 564 fines
1263 504 1470 584 (quam
1512 501 1575 563 in
1615 499 1868 562 latinum
1897 494 2319 558 transferentes
2346 493 2465 556 lit-

525 590 837 643 teraturam
875 581 1213 660 vocarunt),
1259 583 1447 643 multo
1487 579 1666 642 latius
1747 596 1885 638 uam
1925 594 2087 637 nunc
2128 574 2272 636 olim
2328 593 2462 668 pam

524 661 708 723 tuisse
749 668 976 724 constat
1016 680 1086 723 ex
1125 658 1490 733 Quintiliano
1531 660 1651 740 (1).
1751 658 1991 748 imirum
2034 661 2291 734 quatuor
2330 656 2441 717 illa

521 740 792 821 partibus
832 739 1286 804 continebatur:
1333 743 1564 803 lection-e
1604 758 1710 804 seu
1751 735 1985 815 legendi
2028 740 2201 826 arte,
2241 755 2440 796 emen-

493 822 740 882 datione
781 822 1053 882 librorum
1073 845 1095 891 ,·
1136 823 1491 883 enarratione
1527 821 1881 900 scriptorum,
1922 819 2267 906 praesertim
2298 833 2458 878 vero«

521 906 832 980 poetarum
895 906 1070 979 atque
1130 899 1599 977 historicoru'm3
1662 898 1916 976 deniqne
1978 895 2209 986 indicta.
2273 894 2441 967 Quae

519 979 763 1060 quidem
806 987 1101 1060 postrema
1142 998 1306 1059 pars,
1359 996 1543 1060 quum
1604 978 1675 1040 de
1736 974 2015 1065 operibus
2075 980 2454 1054 scriptorum·

516 1058 834 1125 iudicaret.
877 1058 1356 1139 discerneretque
1398 1058 1539 1138 quid
1582 1059 1646 1120 in
1686 1058 1760 1119 iis
1800 1071 2126 1146 genuinum
2154 1061 2316 1146 esset
2343 1055 2437 1116 vel

517 1138 791 1219 spurium
819 1145 861 1215 ‚'
892 1138 1135 1219 quinam
1176 1138 1314 1202 libri
1370 1139 1638 1217 germani
1698 1136 1789 1198 vel
1851 1132 2172 1196 adulterim
2237 1143 2440 1196 essent

518 1217 886 1299 appellandi,
928 1228 1164 1300 κριτικῆς
1203 1218 1381 1282 etiam
1443 1234 1660 1280 nomen
1710 1214 1991 1279 obtinuit.
2044 1212 2199 1286 Quin
2246 1213 2458 1278 immo-

516 1305 742 1360 veteres
783 1300 1155 1376 grammatici
1198 1315 1460 1377 eousque
1502 1296 1799 1379 progressi
1841 1294 2100 1371 fuerant,
2142 1300 2210 1353 ut
2237 1293 2454 1386 theto--

515 1377 672 1439 ricas
712 1379 890 1440 etiam
932 1376 1214 1458 quasdam
1258 1376 1660 1439 institutiones
1703 1374 2027 1451 traderent,
2056 1391 2133 1436 ne
2161 1374 2453 1436 videlicet

513 1455 659 1519 sicci
690 1458 945 1520 ,omnino
985 1465 1163 1537 atque
1203 1457 1358 1519 aridi
1399 1458 1570 1538 pueri
1611 1455 1685 1518 ad
1727 1454 1993 1517 rhetores
2022 1452 2119 1533 (2)
2150 1454 2447 1517 transfer-

517 1543 750 1598 rentur.

595 1615 859 1679 Iamvero
901 1617 1003 1696 qui
1047 1617 1118 1678 ad
1160 1616 1325 1678 illam
1369 1633 1571 1678 rerum
1602 1616 1950 1677 tenuitatem
1978 1611 2434 1690 descenderent,

515 1711 666 1773 quae
710 1696 901 1776 prima
943 1695 1363 1773 grammaticae
1404 1700 1571 1776 parte
1613 1693 1973 1768 continetur,
2005 1699 2065 1753 et
2094 1691 2440 1756 litterarum<

514 1773 831 1852 elementa,
876 1774 1190 1837 verborum
1232 1774 1807 1856 interpretationem,
1852 1771 2147 1852 syntaxin,
2193 1771 2438 1851 aliaque

511 1852 572 1914 id
615 1872 802 1932 genus
844 1856 1251 1918 tantummodo
1293 1848 1510 1935 pueros
1550 1853 1849 1930 docerent,
1891 1852 1991 1942 hi·
2011 1853 2454 1944 grammatistae

513 1951 621 1995 seu
663 1936 994 1996 litteratores
1036 1953 1068 1995 a
1111 1935 1393 1997 Romanis
1448 1933 1817 1996 dicebantur.
1883 1932 1995 2005 Qu1
2037 1952 2069 1994 e
2131 1939 2454 2022 contrario*

511 2014 856 2075 universum
897 2014 1317 2092 grammaticae
1360 2014 1661 2077 doctrinae
1704 2013 1905 2076 orbem
1950 2010 2276 2090 complexi,
2321 2030 2434 2092 per

504 2108 718 2155 omnes
760 2093 1105 2173 politiorum
1159 2094 1495 2157 litterarum
1550 2113 1813 2156 secessus
1875 2099 2303 2171 excurrerent,
2368 2101 2433 2155 et

511 2170 830 2251 scriptores
870 2190 1007 2235 voce
1049 2181 1153 2234 aut
1193 2175 1430 2253 scriptis
1470 2173 1865 2251 illustrarent,
1896 2174 1940 2235 ii
1971 2175 2210 2234 demum
2240 2193 2434 2252 yram-

511 2254 708 2313 matici
745 2271 851 2313 seu
895 2253 1132 2314 litterati
1174 2252 1627 2333 appellabantur
1698 2253 1786 2333 3).

591 2329 828 2393 Primus
872 2337 1070 2393 autem
1114 2333 1534 2409 grammaticae
1575 2339 1669 2394 stu
1713 2332 1837 2394 ium
1878 2334 1941 2394 in
1984 2333 2191 2395 urbem
2225 2332 2433 2394 intulit

517 2407 709 2472 Crates
746 2409 1002 2472 Mallotes
1061 2411 1157 2491 (4)
1185 2461 1200 2490 ,
1245 2412 1573 2475 Aristarchi
1616 2415 1903 2492 aequalis,
1949 2415 2051 2495 qui
2094 2414 2310 2475 missus
2352 2414 2428 2475 ad

509 2496 783 2552 senatum
825 2509 858 2551 a
900 2508 1039 2569 rege
1080 2490 1275 2554 Attalo
1317 2492 1475 2554 inter
1514 2493 1836 2555 secundum
1880 2512 1948 2555 ac
2004 2491 2244 2555 tertium
2305 2492 2430 2555 bel·

510 2567 635 2631 lum
678 2568 989 2649 punicum,
1033 2571 1143 2633 sub
1182 2572 1375 2650 ipsam
1418 2571 1595 2633 Ennii
1638 2580 1889 2635 mortem
1918 2622 1933 2647 ,
1981 2592 2163 2651 quum
2222 2575 2427 2652 prola-

573 2813 633 2872 (1)
667 2813 746 2864 De
772 2815 908 2887 inst.
945 2819 1106 2877 orat..
1141 2816 1209 2877 11,
1246 2822 1290 2869 1.
1325 2844 1390 2854 —
1421 2818 1511 2872 ct:
1537 2819 1782 2872 VARRON.
1818 2822 1963 2885 apud
2015 2823 2147 2875 Mar.
2185 2824 2387 2878 Victor.
2414 2867 2427 2889 ,

509 2872 589 2925 De
621 2878 836 2934 metris,
869 2889 915 2928 c.
954 2882 998 2929 1.
1032 2902 1096 2915 -—·
1126 2880 1312 2950 Turn„
1347 2880 1426 2931 De
1461 2881 1655 2943 divin„
1693 2884 1734 2942 Ι,
1771 2886 1865 2945 51;
1902 2886 1980 2935 De
2016 2890 2174 2948 orat„
2213 2888 2256 2947 Ι,
2280 2891 2359 2940 42.

573 2938 637 2994 (2)
672 2935 943 2999 061Ντιι.,
978 2940 1081 3013 loe=
1117 2942 1206 2993 cit.
1242 2966 1304 2977 --
1338 2943 1524 3002 Svnr..
1558 2948 1635 2997 De
1668 2945 1839 2997 illust.
1873 2952 2174 3010 grammat„
2210 2960 2285 3000 iv.

573 3000 634 3057 (3)
669 3000 770 3048 Ars
801 3006 1172 3065 grammatica„
1201 3013 1339 3065 quae
1372 3016 1403 3055 a
1434 3007 1594 3059 nobis
1627 3008 1936 3060 litteratura
1957 3009 2176 3073 dicitur,
2196 3013 2436 3065 scientia

511 3063 596 3110 est
626 3070 841 3132 eorum,
875 3073 1015 3122 quae
1047 3075 1078 3113 a
1111 3066 1305 3126 poetis,
1340 3064 1618 3121 historicis
1652 3071 2069 3133 oratoribusque
2104 3073 2363 3125 dicuntur
2397 3088 2431 3127 a

507 3124 665 3183 parte
698 3132 925 3195 maiore,
961 3125 1128 3176 VARR.
1164 3126 1307 3188 apud
1342 3128 1473 3181 Mar.
1510 3132 1727 3192 Victor„
1763 3132 1840 3181 De
1876 3136 2086 3196 metris,
2120 3147 2167 3187 c.
2195 3141 2237 3188 1.
2262 3138 2427 3190 —CL

511 3184 700 3244 Svn‘r„
733 3183 837 3235 loc.
874 3187 963 3257 6ηἶ
997 3211 1060 3221 -
1092 3187 1302 3251 VALES„
1334 3190 1418 3241 De
1451 3193 1654 3254 critica,
1693 3196 1736 3255 I,
1775 3199 1820 3252 1,
1854 3198 1902 3245 2.

573 3246 634 3304 (4)
671 3247 785 3297 Hoc
817 3257 1039 3299 nomine
1074 3248 1308 3302 donatus
1344 3252 1448 3303 fuit
1477 3266 1509 3305 a
1541 3256 1721 3317 Malle,
1758 3256 1979 3308 Ciliciae
2021 3259 2173 3319 urbe,
2220 3261 2277 3311 in
2320 3273 2431 3323 qua

508 3310 671 3357 natus
706 3311 836 3359 erat.
869 3335 933 3344 —
965 3309 1019 3361 V.
1056 3309 1110 3361 C.
1147 3310 1203 3361 F.
1228 3314 1531 3378 WEGENER,
1556 3318 1633 3368 De
1655 3318 1791 3369 Aula
1814 3321 2059 3372 Attalica.
2083 3323 2257 3374 Havn.
2286 3327 2430 3386 1836,

508 3368 660 3439 ¹¹¹.'8⁰·
698 3367 882 3421 Crates
914 3371 1004 3422 hic
1037 3372 1284 3428 Mallotes
1319 3376 1520 3429 dicitur
1551 3391 1933 3442 pergamenam
1974 3384 2215 3436 chartam
2266 3385 2436 3437 inve-

508 3440 661 3490 nisse
695 3434 790 3481 aut
822 3433 1132 3495 perfecisse.
