2673 4295
901 452 1017 499 me.
1063 453 1130 499 11.
1155 471 1188 483 ·
1220 453 1352 500 cAr.
1398 455 1442 501 1.
2053 439 2128 502 57

203 537 367 600 lione
421 534 498 598 de
561 535 858 597 manubiis
917 534 1320 605 Dalmatarum
1383 535 1496 597 fuit
1556 534 1878 616 publicata.
1944 535 2135 600 lulius

205 615 385 679 etiam
430 615 648 678 Caesar
687 614 808 697 (1),
854 633 1039 694 quum
1081 615 1154 677 de
1217 616 1481 677 ornanda
1544 623 1721 695 atque
1783 612 2132 679 instruenda

205 695 355 760 urbe
397 695 700 772 cogitaret,
751 693 1136 757 bibliothecas
1177 713 1421 773 graecas
1462 702 1520 758 et
1561 695 1799 769 lati'naS,
1831 714 1979 775 quas
2009 715 2135 758 ma-

204 773 394 837 ximas
460 783 701 854 posset,
765 773 1071 854 publicare
1111 773 1531 847 destinaverat,
1576 774 1711 836 data
1754 775 1831 836 M.
1877 775 2136 838 Varroni

204 873 350 918 cura
388 853 929 934 comparandarum
973 862 1033 916 et
1073 853 1556 932 digerendarum.
1602 854 1716 918 Sed
1759 854 1900 915 talia
1957 873 2136 934 agen-

209 943 329 998 tem
371 952 440 996 ac
485 933 863 996 meditantem
909 951 1070 996 mors
1111 933 1438 1014 praevenit.
1495 934 1756 997 Tandem
1813 951 1949 997 vero
2004 935 2133 997 Au-

207 1022 416 1093 gustus
459 1013 579 1094 (2),
665 1032 809 1075 uum
852 1013 1136 1093 templum
1166 1013 1460 1093 Apollinis
1487 1015 1552 1075 in
1582 1014 1826 1075 aedibus
1855 1014 2135 1093 palatinis

202 1093 562 1250 excitaretfi)
599 1110 631 1153 a
676 1093 823 1155 didit
886 1092 1151 1174 porticus
1214 1112 1350 1154 cum
1415 1093 1770 1156 bibliotheca
1830 1094 2018 1156 latina
2076 1103 2136 1157 et

281 1192 420 1236 aeca
571 1220 586 1235 .

202 1192 394 1314 ngis
436 1174 623 1330 igitur
666 1250 979 1332 praecipue
1023 1250 1383 1315 adiumentis
1410 1301 1425 1328 ,
1478 1270 1630 1333 quae
1672 1253 1959 1316 hactenus
2014 1272 2136 1316 me·

210 1331 461 1409 moravi,
508 1350 692 1412 quum
736 1331 1066 1393 influxisset
1106 1349 1225 1393 non
1270 1333 1464 1395 tenuis
1518 1332 1758 1410 quidam
1801 1353 1833 1395 e
1889 1333 2134 1396 Graecia

208 1411 439 1473 rivulus
483 1411 546 1471 in
591 1410 801 1473 urbem
844 1411 1116 1489 Romam,
1163 1411 1263 1473 sed
1327 1411 1873 1473 abundantissimus
1940 1413 2134 1475 amnis

210 1491 451 1552 illarum
517 1490 968 1569 disciplinarum
1030 1496 1087 1552 et
1150 1492 1395 1568 artium,
1440 1490 1692 1553 Romani
1736 1509 1806 1553 eo
1850 1493 2137 1573 temporis

211 1571 428 1650 spatio,
476 1570 633 1649 quod
676 1568 872 1648 Syllae
914 1577 972 1631 et
1012 1570 1259 1648 Augusti
1311 1589 1552 1632 excessu
1616 1571 1955 1633 continetur
1980 1620 1996 1649 ,
2061 1571 2135 1633 ad

211 1650 551 1712 litterarum
593 1651 812 1710 famam
856 1650 1340 1712 adsurrexerunt.
1386 1649 1698 1728 Quumque
1754 1650 1864 1712 hac
1915 1659 2138 1731 tempe-

212 1738 362 1792 state
425 1728 900 1808 elegantissimus
962 1729 1146 1791 fuerit
1205 1729 1426 1791 latinae
1482 1731 1727 1808 linguae·
1762 1737 2031 1807 ornatus,
2078 1738 2139 1793 et

213 1808 708 1890 praestantissimi
752 1816 1040 1886 oratoreS‚
1085 1815 1291 1889 poetae
1335 1816 1511 1887 atque
1554 1809 1823 1871 historici
1868 1828 2138 1889 praeser-

211 1890 322 1951 tim
363 1889 699 1958 floruerint,
746 1888 965 1948 factum
1009 1895 1118 1962 est,
1167 1897 1231 1949 ut
1272 1906 1452 1950 aurea
1494 1904 1877 1950 romanarum
1908 1888 2138 1951 littera-

212 1987 348 2030 rum
395 1973 559 2030 aetas
599 1967 848 2045 Augusti
891 1968 1132 2030 nomine
1174 1975 1517 2029 donaretur.

295 2048 464 2109 Hanc
507 2053 759 2110 aetatem
802 2047 1128 2110 octodecim
1170 2047 1517 2127 praesertim
1560 2047 1792 2109 romani
1820 2047 2138 2127 scriptores

212 2128 632 2203 illustrarunt,
696 2126 769 2190 de
831 2125 1048 2209 quibus
1109 2126 1453 2205 singillatim
1517 2126 1898 2191 disseremus,
1963 2125 2137 2190 Prius

211 2216 418 2271 tamen
462 2207 621 2269 haud
663 2205 738 2268 ab
779 2225 844 2269 re
874 2206 1081 2270 inerit
1129 2207 1349 2269 latinae
1410 2207 1781 2285 eloquentiae
1844 2207 2138 2270 studiosos

212 2306 466 2351 monere
491 2336 508 2363 ‚
575 2285 809 2366 plebem
863 2304 1171 2348 romanam
1214 2287 1278 2347 in
1320 2305 1594 2349 sermone
1637 2287 1917 2349 familiari
1959 2286 2139 2348 urba-

212 2386 363 2429 nam
404 2366 523 2429 sive
571 2365 991 2444 elegantiorem
1032 2366 1197 2428 illam
1261 2365 1526 2443 linguam
1590 2385 1708 2427 non
1772 2384 2091 2446 usurpasse
2117 2414 2135 2444 ,

223 2465 382 2526 quae
419 2446 482 2507 in
524 2446 704 2507 huius
746 2445 873 2507 aevi
913 2445 1301 2527 scriptoribus
1343 2445 1555 2516 elucet,
1602 2446 1702 2508 sed
1740 2447 1992 2524 quadam
2023 2445 2142 2506 lin-

219 2544 345 2605 gua
376 2545 538 2587 usam
569 2526 753 2587 fuisse
783 2524 982 2587 minus
1024 2534 1232 2596 comta,
1276 2543 1454 2605 quam
1496 2531 1721 2587 veteres
1763 2524 2138 2603 grammatici

205 2625 528 2669 sermonem
567 2606 862 2682 rusticum,
909 2606 1263 2685 posteriores
1306 2606 1605 2667 barbarum
1644 2603 1943 2684 appellare
1996 2621 2140 2666 con-

284 2844 348 2901 (l)
383 2843 571 2903 Svnr„
606 2839 709 2893 lul.
746 2838 961 2902 Caesar,
991 2851 1140 2893 κων.

284 2907 347 2963 (2)
384 2906 571 2965 svm„
603 2904 896 2965 Augustus,
930 2915 1078 2955 xxix.
1113 2929 1176 2938 —
1206 2901 1349 2964 Dm..
1383 2902 1508 2962 ml,
1544 2905 1589 2953 1.

284 2969 349 3026 (3)
383 2966 561 3018 Etiam
595 2965 794 3027 privati
827 2964 1080 3018 homines
1111 2963 1212 3015 hac
1243 2967 1417 3016 aetate
1460 2964 1730 3015 librorum
1771 2965 1984 3027 copiam
2034 2965 2141 3017 sibi

208 3030 630 3091 compararunt.
667 3026 911 3087 Quorum
982 3027 1154 3078 rimus
1187 3026 1412 3077 Paullus
1436 3025 1703 3077 Aemilius
1726 3025 1800 3086 (V.
1825 3028 2137 3079 Primum.

212 3091 281 3142 in
313 3091 513 3141 Paullo
546 3089 799 3148 Aemilio)
833 3099 905 3142 ex
967 3087 1109 3139 ersel
1133 3087 1288 3139 libris
1311 3086 1697 3139 bibliothecam
1719 3089 1991 3150 quandam
2012 3099 2147 3139 con-

216 3151 382 3205 didit.
419 3154 557 3204 Prae
590 3151 821 3202 caeteris
853 3151 1036 3201 autem
1069 3148 1448 3201 celebris-fuit
1496 3153 1552 3201 et
1598 3150 1886 3213 splendida
1927 3150 2146 3201 Luculli

217 3213 577 3273 bibliotheca,
611 3213 670 3272 in
702 3223 865 3277 quam
897 3211 1041 3263 docti
1074 3210 1348 3270 homines,
1381 3215 1640 3274 tanquam
1662 3213 1718 3263 in
1743 3212 2020 3263 Musarum
2042 3211 2146 3263 all·

296 3276 372 3328 od
395 3276 788 3335 diversorium,
810 3274 945 3326 undi
984 3284 1052 3324 ue
1074 3272 1420 3325 confluebant
1442 3275 1768 3333 (Pnunncn.
1797 3274 1851 3325 in
1875 3273 2141 3330 Lucullo).

273 3350 336 3390 ac
370 3338 441 3390 de
473 3348 535 3389 re
566 3336 697 3389 vide
729 3338 927 3396 Porrss,
1000 3336 1180 3388 issert.
1205 3334 1272 3407 de
1334 3336 1527 3388 rivatis
1559 3338 1720 3398 atque
1743 3334 2143 3407 illustrioribus

258 3400 462 3512 uhlilcis
493 3403 744 3511 v⁶{⁴}mm
791 3398 1162 3449 Romanorum
1212 3396 1304 3447 bib
1330 3396 1596 3458 lotbecis,
1648 3407 1942 3459 earumque
1995 3396 2142 3450 tatis.

265 3472 364 3514 ero
393 3461 468 3512 ini
507 3465 564 3513 18
632 3503 642 3511 .

2067 3979 2336 4192 f

2057 4171 2074 4178 ,.
