2673 4295
493 425 611 489 150
1139 442 1454 488 msronrAE
1498 441 1771 487 eamcam

490 526 815 603 ingressus,
863 525 934 585 ad
981 523 1361 604 eloquentiae
1403 522 1652 600 gloriam
1697 521 2020 585 contendit.
2060 521 2444 585 Adolescens

494 607 557 667 in
624 604 790 685 Syria
858 605 1176 678 militavit3
1244 620 1381 664 mox
1437 603 1497 662 in
1541 602 1671 664 foro
1715 602 1909 684 coepit
1943 602 2163 680 dicere,
2211 611 2268 665 et
2313 624 2438 683 per

496 703 736 747 omnem
783 693 1033 746 aetatem
1080 701 1318 745 caussas
1381 682 1499 759 egit
1562 690 1685 743 tum
1752 683 1906 761 apud
1970 684 2428 758 centumvirOS,

498 774 623 825 tum
669 765 728 823 in
772 771 981 825 senatu
1026 762 1449 826 nobilissimas,
1497 761 1687 836 Quum
1734 771 1930 823 autem
1970 762 2226 823 maxima
2259 765 2430 843 apud

496 844 820 904 Traianum
863 844 1051 921 gratia
1098 842 1343 919 valeret,
1391 861 1496 921 per
1539 860 1743 904 omnes
1774 843 2067 902 honorum
2097 843 2315 920 gradus
2349 845 2424 905 ad

501 924 874 987 consulatum
918 930 975 985 et
1017 929 1373 1000 auguratum
1419 923 1701 998 ascendit,
1742 929 1800 984 et
1843 922 2077 983 tandem
2107 922 2454 1003 Bithyniae·

502 1004 913 1083 proconsulari
957 1009 1243 1082 potestate
1287 1002 1400 1062 fuit
1444 1004 1775 1081 praefectus
1818 1002 1935 1081 (l).

581 1084 665 1143 Ex
707 1082 884 1145 Plinii
929 1082 1297 1143 orationibus
1340 1082 1500 1142 solus
1530 1091 1716 1143 exstat
1749 1082 2120 1160 Paneyyricus
2161 1081 2427 1145 Traiano

501 1164 708 1233 dictus,
759 1182 941 1241 quum
987 1163 1191 1223 consul
1235 1161 1443 1223 fuisset
1486 1161 1845 1238 designatus
1893 1163 1967 1221 At
2009 1163 2231 1241 optimo
2263 1161 2430 1225 litte-

501 1262 704 1303 rarum
751 1243 868 1303 fato
912 1250 1159 1303 aetatem
1208 1242 1473 1304 tulerunt
1529 1241 1910 1320 Epistolarum
1964 1239 2101 1300 libri
2165 1242 2375 1303 decern
2407 1292 2423 1313 ,

502 1324 564 1383 in
608 1322 823 1401 quibus
866 1322 1122 1401 plurima
1165 1321 1488 1398 leguntur,
1534 1339 1685 1400 quae
1734 1340 1867 1382 cum
1914 1313 2191 1383 eximiam
2235 1321 2427 1384 Plinii

504 1411 778 1463 naturam
827 1408 1135 1476 testantur,
1186 1409 1306 1461 tum
1353 1418 1487 1462 vero
1525 1402 1777 1474 maxime
1809 1401 2106 1480 pertinent
2134 1401 2205 1461 ad
2236 1402 2433 1464 histo-

503 1484 652 1542 riam
716 1481 879 1542 illius
942 1481 1150 1542 aetatis
1212 1480 1651 1554 declarandam.
1717 1481 1860 1542 Tam
1907 1482 1966 1540 in
2015 1482 2427 1559 panegyrim,

505 1580 680 1640 quam
727 1560 789 1620 in
832 1561 1098 1639 epistolis
1143 1558 1391 1639 pliniani
1435 1560 1656 1637 ingenii
1703 1561 2097 1639 praestantia,
2147 1570 2204 1621 et
2247 1560 2428 1623 iuve-

506 1641 646 1702 nilis
689 1641 977 1719 quaedam
1022 1640 1260 1708 ubertas
1290 1640 1588 1701 laudatur.
1619 1640 1879 1702 Delectat
1907 1639 2201 1701 scribendi
2231 1658 2427 1717 genus

505 1728 779 1798 argutum
810 1767 824 1794 ,
874 1721 1197 1790 floridum,
1269 1720 1584 1797 limatum,
1651 1721 1994 1799 expolitum.
2067 1720 2141 1779 At
2210 1720 2426 1782 cuius-

504 1802 638 1861 dam
682 1799 956 1861 lasciviae
1001 1800 1251 1876 flosculi,
1298 1800 1562 1877 poeticus
1605 1799 1782 1861 decor
1824 1808 1882 1862 ct
1924 1801 2199 1861 acumina
2238 1819 2429 1879 quae-

506 1882 638 1941 dam
683 1881 1109 1958 sententiarum
1155 1880 1370 1958 passim
1416 1888 1759 1957 occurrunt,
1806 1899 1955 1959 quae
2010 1889 2423 1942 senescentem

470 1961 670 2021 'illam
716 1968 966 2020 aetatem
1011 1960 1288 2038 produnt,
1336 1976 1450 2037 qua
1496 1960 1628 2038 plus
1671 1961 1815 2021 artis
1856 1968 1914 2022 et
1956 1979 2177 2039 curae,
2237 1978 2421 2039 quam

504 2038 823 2100 inatfectati
867 2039 1138 2099 candoris
1179 2037 1569 2118 scriptoribus
1612 2040 1828 2101 inesset
1870 2040 1990 2121 (2).

585 2120 826 2180 Praeter
867 2118 1040 2181 hosce
1087 2126 1226 2195 treS,
1272 2135 1420 2197 quos
1456 2119 1627 2180 modo
1660 2121 2139 2197 memoravimus,
2173 2119 2422 2182 fuerunt

507 2200 610 2258 alii
655 2197 825 2258 multi
868 2198 1095 2273 diserti,
1142 2198 1357 2276 quibus
1399 2199 1500 2259 illa
1548 2208 1889 2278 tempestate
1934 2201 2124 2262 forum
2158 2199 2426 2260 illustra-

506 2285 695 2339 retur.
743 2277 811 2336 Et
853 2277 1251 2348 Quintilianus
1293 2276 1389 2357 (3)
1431 2278 1671 2356 quidem
1718 2281 2022 2340 Domitium
2052 2280 2259 2358 Afrum
2288 2280 2422 2339 lau-

506 2357 606 2418 dat
648 2364 705 2417 et
747 2356 957 2415 [alizam
987 2356 1346 2435 Africanum,
1382 2374 1587 2418 eorum
1620 2376 1768 2438 quos
1795 2360 2019 2421 viderat
2048 2359 2220 2437 longe
2251 2377 2426 2440 prae-

507 2436 899 2497 stantissimos
941 2444 1228 2511 oratore8‚
1283 2436 1622 2498 Trachalum
1664 2447 1967 2518 praeterea
2010 2439 2324 2502 sublimem
2361 2449 2425 2502 et

508 2516 650 2577 satis
693 2522 985 2594 apertum,
1032 2524 1090 2579 et
1133 2518 1343 2577 Iulium
1383 2514 1697 2579 Secundum
1740 2519 1851 2589 cui,
1901 2518 1952 2579 si
1997 2519 2229 2595 longior
2284 2537 2429 2583 con-

507 2595 736 2673 tigisset
777 2603 950 2665 aetas,
1001 2595 1396 2661 clarissimum
1430 2614 1645 2659 nomen
1688 2598 1941 2660 oratoris
1970 2599 2125 2677 apud
2155 2608 2426 2678 posteros

509 2677 739 2736 fuisset.
786 2674 903 2736 Nec
948 2677 1455 2754 praetermittendi
1499 2676 1724 2758 Crispus
1752 2677 1942 2739 Vibius
1981 2679 2338 2741 Vercellensis
2366 2687 2427 2742 et

511 2755 720 2834 Eprius
743 2755 1066 2830 Maroellus,
1106 2764 1258 2834 'quos
1281 2764 1488 2818 auctor
1510 2756 1726 2834 dialogi
1754 2758 1832 2818 De
1867 2761 2173 2820 oratoribus
2195 2759 2295 2838 (4)
2320 2777 2428 2840 po-

510 2833 874 2910 tentissimos⁴
894 2834 1144 2898 civitatis
1187 2844 1245 2898 et
1267 2837 1564 2916 principes
1606 2836 1719 2897 fori
1742 2836 1939 2901 dicere
1962 2856 2080 2900 non
2103 2836 2421 2900 dubitavit.

575 3041 638 3099 (1)
674 3038 728 3091 C.
768 3041 927 3090 Plinii
965 3042 1190 3092 secundi
1227 3040 1461 3099 iunioris
1504 3040 1619 3091 vita
1666 3043 1766 3091 etc.
1820 3041 2012 3093 Studio
2064 3043 2139 3093 Io,
2177 3041 2424 3094 MAssoN.

514 3101 816 3152 Amstelod.-
853 3104 990 3163 1709,
1028 3105 1174 3155 in·8⁰.

575 3166 637 3222 (2)
674 3163 725 3214 V.
764 3164 975 3222 Gissnic,
1011 3165 1220 3227 Disput.
1256 3165 1322 3216 de
1358 3163 1523 3214 Plinii
1558 3176 1745 3227 paneg.
1782 3165 1856 3224 (in
1891 3165 2019 3217 edit..
2059 3166 2236 3225 Plin.).
2262 3192 2323 3200 —
2347 3165 2427 3219 Cf.

513 3225 790 3284 Limnen,
830 3224 1010 3288 Lycde,
1046 3237 1122 3283 lv,
1159 3238 1209 3289 p.
1243 3231 1353 3279 272.
1388 3252 1451 3261 —
1484 3227 1540 3280 E.
1578 3228 1707 3278 ΕΜ).
1755 3227 2065 3289 ossi-Line,
2117 3228 2429 3282 comment.

515 3287 582 3358 de
617 3287 925 3358 elocutione
962 3288 1121 3337 Plinii
1175 3291 1285 3340 iun.
1321 3301 1353 3338 a
1376 3290 1792 3350 vereclassica,
1829 3293 2248 3353 quam'vooant,
2285 3302 2434 3342 non-

510 3348 654 3399 nihit
689 3349 1034 3417 abhorre-nte.
1073 3349 1235 3411 Upsal
1273 3354 1408 3408 1839,
1446 3351 1597 3402 ἰπὶ-4ο.

577 3412 640 3469 (3)
674 3410 752 3460 De
788 3412 914 3460 inst.
954 3414 1116 3474 orat„
1147 3423 1201 3474 v,
1239 3417 1284 3472 1,
1322 3416 1431 3465 118.

579 3472 640 3531 (4)
674 3471 798 3534 Cap.
835 3472 961 3524 vul.
