2673 4295
496 379 619 444 120
1167 397 1485 445 nisi-onum
1526 396 1802 445 omnen
1847 469 1851 474 Ι

1273 622 1508 686 GAPVT
1552 619 1625 685 11.

993 793 1080 838 DE
1140 792 1358 837 Pessi
1422 790 1915 841 DRAMATIGA.

748 979 1103 1060 Trayoediae,
1148 999 1287 1062 quac
1328 975 1570 1044 Senecae
1609 984 1831 1042 nonnine
1870 981 2157 1063 feruntur.

472 1215 479 1222 ·
577 1199 815 1263 Latinas
856 1200 1083 1262 litteras
1121 1202 1188 1264 in
1229 1200 1575 1264 universum
1620 1200 1956 1263 aestimanti
2007 1194 2235 1260 mirum'
2269 1213 2438 1279 pro-

498 1282 651 1343 iecto
692 1279 1009 1355 videbitur,
1055 1295 1362 1364 romanam
1406 1289 1676 1359 gentem,
1743 1280 1900 1360 apud
1958 1295 2136 1359 quam
2200 1291 2433 1357 magna

495 1360 858 1439 scriptorum
900 1361 1137 1438 ingenia
1188 1368 1604 1441 provenerunt,
1670 1357 1732 1421 in
1792 1359 2096 1437 tragoedia
2157 1358 2436 1423 maxime

494 1438 855 1502 claudicare.
917 1438 1199 1512 Quamvis
1247 1440 1408 1503 enirn
1466 1438 1896 1520 quinquaginta
1955 1439 2141 1501 ferme
2205 1438 2433 1517 tragici

496 1517 668 1579 latini
711 1527 1139 1581 enumerentur
1176 1520 1293 1600 (1),
1332 1517 1668 1599 praecipuis
1698 1536 1836 1581 vero
1865 1518 2141 1579 laudibus
2172 1537 2201 1579 a
2234 1517 2435 1591 Quin—

496 1597 708 1661 tiliano
738 1600 1007 1661 ferantur
1035 1600 1100 1660 L.
1133 1591 1296 1661 Varii
1335 1595 1593 1679 Thyestes
1634 1606 1694 1661 et
1735 1597 1925 1661 Ovidii
1966 1599 2197 1670 Mentem·
2238 1597 2428 1677 longe

498 1685 696 1740 tamen
759 1675 1013 1758 Romani
1051 1680 1232 1741 -insra
1290 1678 1652 1741 Graecorum
1713 1673 1949 1740 laudem
2007 1676 2070 1738 in
2114 1677 2424 1756 tragoedia

497 1756 827 1820 substitisse
888 1758 1122 1821 dicendi
1186 1767 1347 1821 sunt.
1408 1758 1589 1822 Cuius
1629 1757 1870 1837 quidem
1914 1757 2003 1820 rei
2045 1769 2252 1820 caussa
2293 1771 2423 1832 non

497 1843 617 1898 tam
661 1856 732 1899 ex
775 1840 966 1916 gentis
1007 1837 1269 1916 ingenie,
1311 1853 1495 1918 quam
1538 1857 1610 1901 ex
1670 1836 1960 1899 institutis
2023 1844 2084 1899 et
2147 1831 2422 1900 moribus

497 1916 873 1996 potissimum
936 1925 1028 1981 est
1087 1918 1406 1997 repetenda
1467 1917 1588 1997 (2).
1656 1916 1848 1989 Quum
1912 1918 2073 1980 enim
2117 1916 2426 1997 principes

497 1996 748 2058 civitatis
788 1996 945 2059 viros
988 1998 1239 2060 Romani
1282 1998 1348 2059 in
1389 2015 1625 2059 scenam
1671 1996 1980 2058 traducere
2022 1997 2252 2074 legibus
2281 2002 2430 2075 p‘ro·

497 2075 869 2153 biberentur,
915 2094 984 2139 ac
1025 2084 1336 2158 propterea
1380 2071 1718 2138 fabularum
1762 2076 1947 2138 nodos
1982 2084 2041 2138 et
2068 2084 2425 2156 argumenta

496 2174 712 2233 graeco
772 2158 934 2219 sonte
997 2157 1347 2227 derivarent,
1420 2159 1636 2218 frustra
1686 2157 1747 2217 in
1793 2172 2006 2218 rerum·
2035 2166 2426 2218 externarum

498 2236 849 2298 tractatione
893 2237 1146 2314 tragicos
1190 2236 1324 2298 illos
1366 2237 1611 2317 spiritus
1652 2237 1959 2315 requiraS‚
2011 2253 2158 2315 quos
2212 2236 2429 2298 fatales

498 2314 730 2456 patriag
772 2332 965 2390 casm,
1012 2320 1115 2376 aut
1154 2316 1396 2377 infanda
1441 2316 1857 2395 Pelopidarum
1902 2316 2122 2393 flagitia
2180 2314 2427 2378 Graecis

496 2412 570 2455 su
656 2414 686 2457 e
732 2394 970 2457 itarent.
1556 2446 1560 2450 .

627 2474 860 2553 ragicae
890 2474 1232 2536 Latinorum
1264 2473 1499 2557 fabulae
1530 2474 1855 2553 superioris
1884 2474 2117 2550 aetatis,
2152 2476 2201 2536 si
2270 2486 2427 2536 auca

496 2553 759 2633 excipias
803 2555 1153 2633 fragmenta,
1216 2554 1545 2634 perierunt.
1606 2553 1718 2617 Sed
1759 2574 1919 2617 *ecce
1980 2554 2151 2616 nobis
2254 2568 2427 2617 ecem

501 2633 838 2711 tragoediae
881 2634 1020 2714 (3),
1063 2651 1218 2714 quae
1287 2633 1547 2697 Senecae
1589 2634 1817 2696 nomini
1882 2634 2260 2696 addicuntur.
2306 2633 2428 2695 Diu

499 2714 877 2794 multumque
919 2713 1283 2794 disputatum
1325 2722 1437 2792 est,
1482 2714 1557 2776 M.
1603 2714 1845 2776 Annaeo
1908 2712 2210 2791 Senecae,
2274 2712 2430 2776 rhe-

563 2936 626 2995 (1)
658 2938 714 2988 V.
749 2937 952 2994 Lmen,
988 2935 1260 2988 Vindictae
1293 2935 1603 2998 tragoediae
1637 2946 1914 2987 romanae.
1947 2934 2161 2998 Lipsiae
2196 2936 2336 2996 1822,
2363 2937 2430 2988 in

500 2999 568 3049 4⁶.
605 3025 667 3034 -
700 2998 1047 3059 Tragicorum
1081 3009 1438 3054 romanorum
1471 2996 1790 3057 fragmenta.
1825 3007 1962 3059 quae
2012 3000 2255 3059 exstant,
2304 2999 2435 3049 col-

499 3060 635 3121 tegit
667 3061 977 3112 Scriverius
1011 3061 1065 3111 in
1100 3060 1519 3111 Nomenclatore
1553 3060 1882 3119 tragicorum
1914 3059 2234 3110 latinorum.
2281 3060 2438 3120 Lug-

497 3122 635 3173 duni
673 3124 853 3173 Batav.
894 3123 1029 3179 1621.
1065 3123 1176 3174 vol.
1214 3123 1281 3182 11,
1318 3123 1468 3173 in-80.

531 3247 542 3258 ·
565 3187 626 3244 (2)
661 3184 715 3235 V.
744 3184 956 3296 JADEN,
992 3184 1070 3233 De
1103 3183 1281 3235 causis
1315 3185 1593 3244 neglectae
1613 3193 1645 3232 a
1662 3182 1922 3233 Romanis
1944 3181 2271 3243 tragoediae.
2298 3183 2440 3237 Got-

566 3313 628 3368 (3)
682 3306 1055 3358 Hercules
1109 3306 1324 3358 turen
1348 3319 1405 3367 S,
1462 3306 1865 3369 Thyestes,
1924 3304 2246 3357 Thebais
2302 3309 2438 3360 sive

504 3371 1006 3428 Phoenissae,
1063 3369 1558 3431 Hippolytus,
1630 3368 1999 3430 oedipus,
2052 3367 2431 3434 Troades,

506 3433 772 3492 Medea,
808 3433 1067 3493 Agame
1091 3432 1599 3486 mnon.·Hercu
1622 3432 1731 3482 les
1766 3430 2085 3490 Oetaeus..
2124 3430 2431 3484 Octavia.
