2673 4295
895 391 1011 435 mn.
1055 373 1136 435 lv.
1168 390 1348 436 -οΑΡ,
1400 392 1483 435 ιν.
2045 376 2162 446 165

247 470 424 535 cuius
465 478 652 533 exstat
693 470 1113 548 fragmentum.
1173 470 1293 532 His·
1322 470 1585 533 addenda
1650 469 1872 550 aliquot
1914 471 2160 537 minoris

245 553 538 614 momenti
567 550 854 627 carmina,
878 551 1102 630 -quibus
1130 567 1247 622 non
1281 550 1663 631 mediocrem³
1684 551 1909 629 ingenii
1952 559 2008 614 et
2052 553 2161 616 do-

245 632 481 694 ctrinae
524 630 757 693 laudem
803 637 899 695 est,
931 638 1281 693 consecutus
1321 630 1441 710 (l).
1514 665 1524 688 κ.

334 712 671 780 Priscianus,
702 717 1088 788 cognomento
1117 709 1510 786 Caesariensis,
1536 710 1800 791 aequalis
1823 710 2157 792 Iustiniani,

245 796 486 870 praeter
528 790 833 869 complura
877 790 948 851 ad
991 808 1117 852 rem
1160 790 1602 868 grammaticam
1647 791 1992 870 spectantia,
2024 810 2160 853 car-

246 888 388 931 men
433 870 634 950 panxit
677 868 1236 932 heroicisvversibus
1278 870 1361 930 De
1397 872 1727 949 ponderibus
1768 880 1823 932 et
1864 871 2155 949 mensuris,

244 949 406 1090 qugd
437 968 471 1010 a
514 947 823 1011 nonnullis
865 948 1155 1012 Rhemnio
1196 949 1424 1011 Fannio
1465 949 1805 1012 Palaemoni
1847 968 2156 1031 perperam

245 1029 327 1089 tri
375 1030 556 1090 uitur.
2039 1042 2044 1052 ·

334 1107 600 1170 Claudius
643 1108 889 1170 Rutilius
929 1108 1325 1182 Numantinus,
1371 1108 1607 1171 natione
1649 1108 1862 1187 gallus,
1895 1108 2157 1171 Honorio

245 1188 599 1267 imperante,
647 1189 896 1250 summis
938 1188 1260 1251 honoribus
1302 1188 1524 1250 Romae
1567 1190 1939 1267 perfunctuS‚
1987 1190 2159 1251 Itine-

244 1270 468 1329 rarium
511 1270 576 1328 de
615 1270 799 1329 reditu
838 1267 1219 1347 conscripsit,
1306 1266 1600 1329 oemation
1663 1286 1840 1347 supra
1904 1275 2155 1330 aetatem

247 1347 511 1424 eleganS,
556 1355 829 1408 ornatum
874 1355 932 1410 et
973 1349 1034 1408 in
1076 1348 1223 1409 duos
1265 1286 1450 1409 fibros
1498 1347 1876 1417 distinctum,
1941 1347 2156 1428 quibus

248 1426 675 1505 profectionem
717 1444 883 1488 suam
914 1426 976 1487 in
1006 1426 1277 1503 Galliam,
1317 1434 1376 1488 et
1404 1427 1656 1488 reditum
1682 1426 1742 1486 in
1773 1426 1981 1489 urbem
2012 1445 2154 1488 nar-

247 1507 422 1567 ravit.
471 1505 532 1566 ln
575 1506 684 1568 hoc
725 1505 991 1568 carmine
1032 1505 1313 1583 elegiacO,
1360 1506 1513 1585 quod
1578 1506 1852 1567 mutilum
1912 1507 1984 1568 ad
2046 1524 2155 1568 nos

245 1586 562 1666 pervenit,
607 1586 893 1647 acerrime
933 1586 1233 1647 invehitur
1275 1592 1443 1664 poeta
1487 1585 1548 1645 in
1593 1585 1837 1647 Iudaeos
1879 1592 1937 1648 et
1977 1586 2154 1649 Chri-

243 1666 497 1740 stianoS‚
544 1664 758 1743 quibus
803 1663 1055 1726 maxime
1097 1673 1224 1728 erat
1258 1664 1530 1726 infensus
1572 1665 1689 1745 (2).

328 1746 623 1824 Dionysius
670 1743 826 1818 Cata,
873 1744 973 1823 qui
1017 1744 1157 1807 vixit
1196 1745 1353 1807 circa
1393 1750 1655 1824 tempora
1685 1744 2145 1821 Antoninorum,

244 1826 484 1886 disticha
527 1824 711 1885 edidit
752 1825 834 1885 De
874 1825 1114 1885 moribus
1155 1826 1227 1885 ad
1268 1826 1453 1903 filium
1479 1872 1493 1899 ,
1558 1823 1620 1883 in
1684 1824 1899 1903 quibus
1961 1824 2154 1886 critici

244 1904 480 1965 alienae
523 1922 734 1963 manus
775 1903 1017 1981 vestigia
1062 1904 1278 1983 passim
1321 1910 1668 1981 agnoscunt.
2129 1923 2136 1930 ·

1016 2144 1249 2209 CAPVT
1290 2145 1386 2207 IV.

844 2282 845 2285 ’
879 2295 953 2338 ΒΕ
992 2294 1160 2339 POESI
1202 2293 1501 2339 Bvcoch.

355 2445 421 2506 T.
468 2445 643 2506 Iulius
688 2445 1046 2525 Calpurnius.
1093 2480 1171 2492 —
1212 2448 1471 2509 Decimus
1511 2447 1744 2524 Magnus
1788 2447 2085 2507 Ausonius.

324 2631 536 2695 Carino
578 2640 636 2695 et
674 2632 1036 2694 Numeriano
1077 2633 1536 2712 imperatoribus
1586 2631 1787 2693 floruit
1849 2633 1914 2695 Τ.
1974 2635 2151 2695 Iulius

243 2712 604 2793 Calpurnius,
650 2712 888 2783 siculuS,
938 2714 1107 2775 cuius
1159 2712 1351 2774 adhuc
1412 2713 1690 2790 leguntur
1752 2712 1987 2792 Ecloyae
2040 2713 2147 2790 xl,

238 2792 525 2853 carminis
567 2792 818 2854 artificio
861 2800 1036 2872 atque
1078 2792 1329 2869 eleganti
1373 2792 1655 2854 orationis
1684 2792 1866 2853 forma
1907 2793 2153 2854 laudan-

236 2872 376 2933 dae.
442 2871 807 2951 Quamquam
871 2891 1009 2935 vero
1065 2873 1137 2933 ad
1176 2871 1553 2934 Theocritum
1596 2871 1820 2952 pariter
1860 2881 2035 2953 atque
2077 2873 2149 2935 ad

237 2950 555 3029 Virgilium
598 2952 892 3032 respexit3
938 2954 997 3012 in
1042 2952 1328 3029 fingendis
1372 2958 1568 3013 tamen
1618 2959 1916 3032 pastorum
1962 2953 2150 3014 mori-

238 3030 354 3092 bus
415 3048 692 3123 graecum
753 3033 948 3111 potius
1008 3041 1185 3112 quam
1248 3048 1561 3093 romanum
1626 3036 1854 3112 poetam
1918 3032 2152 3093 videtur

240 3128 623 3190 expressisse.

305 3299 368 3355 (l)
402 3296 457 3347 V.
492 3297 863 3358 Wssnnsnonr,
900 3299 1098 3348 Poetae
1131 3298 1223 3350 lat.
1259 3297 1414 3358 min..
1450 3301 1582 3349 tom.
1619 3310 1669 3358 v,
1706 3311 1756 3360 p.
1795 3298 1860 3348 11.

303 3361 366 3417 (2)
400 3359 603 3420 Zourr,
639 3360 1059 3411 Observationes
1081 3361 1133 3410 in
1158 3360 1345 3410 Rutilii
1368 3361 1575 3412 Claudii
1598 3358 1907 3413 Numatiani
1930 3368 2153 3411 carmen

235 3420 309 3474 de
346 3420 527 3473 reditu
560 3433 679 3474 suo,
716 3423 957 3475 Berolini
995 3422 1134 3484 1837,
1170 3423 1324 3474 in—8’.
1501 3440 1506 3449 ·
