2673 4295
510 326 626 391 132
1175 340 1488 388 HISTORIAE
1529 340 1802 386 cauma-r.

507 447 571 489 se
613 432 972 501 convertant,
1017 425 1078 486 in
1141 424 1356 503 quihus
1416 423 1659 485 affectus
1717 420 1991 503 proprios
2052 422 2412 503 quibusdam

508 508 673 586 quasi
721 509 859 570 velis
901 504 1238 568 obtendant.
1287 505 1485 582 ltaque
1524 509 1722 565 noster
1750 522 1818 565 ex
1847 520 2057 581 graeco
2088 504 2243 567 fonte
2274 507 2411 571 illas

507 590 850 666 praesertim
894 585 1120 647 fabulas
1163 583 1467 659 derivavit,
1514 583 1728 662 quibus
1770 600 1873 663 per
1902 583 2175 663 ambages
2202 585 2413 652 Seiani

503 669 765 731 facinora
807 676 863 729 et
904 684 1141 727 saevum
1180 663 1399 724 Tiberii
1461 663 1829 725 dominatum
1892 673 2180 745 carperet.
2248 666 2412 739 Quas

504 747 740 827 quidem
785 747 919 811 stilo
963 746 1125 807 tenui
1167 743 1267 804 sed
1311 742 1587 821 eleganti,
1633 739 1792 805 facili
1835 750 1892 805 et
1976 763 2082 808 uro
2110 746 2195 809 sic
2224 749 2412 813 ador-

503 829 684 903 navit,
731 835 795 888 ut
836 825 1093 887 Terentii
1136 823 1385 885 nitorem
1430 831 1488 885 et
1522 831 1746 900 gratam
1778 822 1930 903 simp
1959 825 2216 888 icitatem
2246 850 2411 896 unus

504 909 765 969 omnium
813 904 1101 967 retulerit.
1148 904 1434 982 Equidem
1480 904 1685 975 miror,
1731 904 2126 967 has‘Phaedri
2157 908 2410 976 virtutes

505 995 620 1049 tam
664 985 828 1068 parvi
871 984 943 1046 ab
985 984 1328 1062 aequalibus
1356 982 1583 1044 habitas
1613 983 1815 1060 fuisse,
1851 990 1914 1044 ut
1942 1003 2117 1047 nemo
2148 1007 2218 1049 ex
2246 999 2409 1055 vete-—

501 1068 688 1142 ribuS,
733 1073 964 1146 praeter
1006 1063 1330 1125 Martialem
1376 1069 1431 1124 et
1474 1062 1778 1131 Avianum,
1827 1063 1990 1125 illius
2020 1065 2250 1131 fabulas
2281 1090 2409 1135 me·—

502 1153 801 1220 moraret3
847 1143 1061 1206 Seneca
1107 1143 1204 1222 (1)
1246 1159 1386 1205 vero
1428 1140 1720 1222 Aesopeos
1775 1143 1980 1223 logOS,
2043 1144 2408 1214 intentatum

500 1227 691 1287 adhuc
733 1224 992 1285 romanis
1032 1222 1285 1300 ingeniis
1327 1239 1475 1300 opus
1517 1222 1759 1285 diceret.
1805 1220 1917 1284 Sed
1961 1228 2180 1303 posteri
2224 1232 2408 1292 meri-

503 1312 619 1365 tam
662 1302 932 1365 Threicio
975 1309 1178 1382 poetae
1220 1302 1454 1363 laudem
1497 1318 1617 1363 non
1660 1301 1997 1363 inviderunt
2039 1305 2157 1381 (2).
2204 1307 2405 1381 Quum

501 1384 659 1447 enim
703 1382 982 1463 primum.
1029 1390 1277 1443 exeunte
1340 1381 1575 1444 saeculo
1640 1390 1770 1460 post
1832 1381 2128 1448 Christum
2193 1398 2407 1454 natum

499 1462 913 1535 sextodecimo,
959 1460 1206 1523 Phaedri
1250 1460 1481 1523 fabulae
1525 1480 1557 1521 a
1619 1460 1793 1548 Petro
1854 1461 2095 1525 Pithoeo
2157 1466 2407 1530 suerunt

451 1543 766 1620 'vulgatae
828 1542 1233 1617 Augustoduni
1294 1540 1664 1611 Tricassium‚
1734 1540 2021 1618 ingeniosi
2076 1552 2134 1605 et
2183 1546 2411 1609 intelli·

500 1631 701 1701 gentes
742 1621 853 1681 viri
894 1639 1185 1681 summam
1228 1621 1290 1681 in
1334 1638 1404 1682 eo
1446 1619 1566 1681 stili
1609 1620 1949 1681 facilitatem
1995 1629 2052 1684 et
2082 1625 2404 1703 puritatem

500 1702 857 1775 laudarunt3
903 1717 1256 1779 magnopere
1298 1699 1504 1775 gavisi,
1550 1701 1701 1778 quod
1749 1699 2133 1778 politissimus
2162 1704 2406 1784 linguae

501 1782 720 1843 latinae
763 1788 969 1845 auctor
1009 1788 1141 1861 post
1179 1779 1524 1841 diuturnam
1566 1779 1916 1843 oblivionem
1973 1785 2140 1861 quasi
2194 1788 2408 1849 revivi-

499 1868 712 1927 sceret.

1264 2008 1495 2074 cAPv'r
1534 2010 1632 2095 vl.

1173 2162 1251 2207 DE
1291 2160 1713 2209 EPIGRAMMATE
1723 2193 1737 2208 .

1018 2329 1241 2390 Marcus
1293 2329 1543 2393 Valerius
1581 2333 1883 2396 Martialis.

581 2481 708 2546 Non
753 2482 948 2544 minus
989 2500 1163 2560 quam
1207 2481 1454 2563 fabulae·
1482 2485 1775 2564 Aesopeae
1829 2491 2082 2566 satyram
2136 2486 2403 2550 redolent

503 2565 923 2643 epigrammata
968 2563 1084 2642 (3),
1132 2563 1191 2623 in
1233 2563 1449 2642 quibus
1491 2565 1766 2627 excelluit
1808 2566 1888 2627 M.
1948 2566 2192 2628 Valerius
2246 2568 2405 2628 Mar-

506 2645 676 2718 uatis,
720 2642 915 2703 Bilbili
958 2653 1131 2704 natus
1172 2644 1233 2704 in
1297 2644 1633 2707 Celtiberia.
1698 2645 1846 2719 Hic,
1910 2664 2093 2724 quum
2158 2646 2402 2708 tertium

502 2723 689 2785 ferme
731 2730 788 2783 et
830 2722 1170 2784 vicesimum
1215 2724 1421 2785 aetatis
1463 2743 1683 2784 annum
1728 2743 1905 2802 agens
1939 2725 2181 2787 Romam
2214 2726 2406 2787 venis-

505 2810 617 2881 set,
659 2799 889 2865 Nerone
930 2803 1280 2883 imperante,
1323 2821 1503 2882 seque
1547 2821 1681 2866 mox
1708 2804 1779 2865 ad
1808 2804 2231 2884 epigrammata
2261 2804 2406 2868 scri-

566 3010 630 3067 (1)
665 3007 936 3073 consolat.
973 3008 1039 3060 ad
1075 3007 1281 3070 Polyb„
1315 3009 1459 3059 xvii.
1996 3047 2001 3052 .

567 3073 630 3129 (2)
664 3070 912 3121 Eruditas
947 3072 1000 3121 in
1039 3071 1340 3122 Phaedrum
1377 3070 1773 3131 disputationes
1808 3070 2131 3132 evulgarunt
2164 3071 2206 3122 Ι.
2242 3070 2299 3123 G.
2344 3071 2403 3124 S.

507 3132 822 3183 Schwabius
856 3138 910 3182 et
944 3133 1010 3182 Fr
1066 3134 1107 3185 1.
1144 3133 1564 3195 Dusmltionius,
1617 3144 1751 3194 quas
1801 3132 1926 3182 vide
1973 3131 2028 3183 in
2079 3132 2404 3184 ‘taurinensi

506 3195 735 3245 Phaedri
773 3195 1012 3245 editione
1045 3206 1131 3245 an.
1184 3205 1541 3245 uncccxxxuv.
1597 3196 1671 3247 Cf.
1724 3195 1980 3256 Capisa,
2034 3194 2286 3245 Protusio
2336 3194 2409 3247 de

505 3257 752 3308 Phaedro
786 3260 1010 3319 eiusque
1046 3256 1206 3308 fabul.
1246 3257 1386 3318 Lips.
1429 3259 1562 3309 1746.

568 3322 627 3375 (3·
664 3319 699 3368 v
754 3318 849 3369 Tri.
887 3320 941 3369 G.
980 3319 1187 3377 Gnoxa,
1227 3319 1300 3368 De
1334 3319 1738 3381 epigrammatis
1770 3322 1965 3370 natura
1996 3318 2179 3371 denuo
2202 3319 2411 3372 consti-

507 3380 725 3434 tuenda.
764 3381 1000 3431 Berolini
1038 3383 1172 3438 1826.
1209 3381 1359 3431 in—8·.
1635 3388 1645 3394 '
