2673 4295
913 357 1032 403 Lm.
1078 358 1167 402 111.
1207 374 1236 385 -
1274 357 1405 402 cAP.
1451 357 1495 401 1.
2031 342 2175 405 '419

255 437 546 503 honestae
586 438 676 501 rei
719 436 922 502 labore
964 438 1264 516 vigilatur.
1318 437 1574 499 Somnus
1636 436 2005 516 languorque
2030 487 2047 514 ‚
2107 459 2174 502 ac

255 536 467 582 somno
517 525 575 581 et
629 520 916 597 languore
970 519 1200 598 turpior
1263 517 1553 579 malarum
1619 534 1819 579 rerum
1884 517 2172 581 industria

253 598 477 661 invasit
518 597 768 661 animos.
815 598 1100 662 Cantandi
1142 596 1516 675 saltandique
1559 615 1719 657 nunc
1760 595 2014 659 obscena
2051 606 2176 660 stu-

251 677 352 739 dia
399 677 765 740 effeminatos
807 685 1010 739 tenent
1037 698 1050 738 :
1079 683 1137 740 et
1160 676 1442 757 capillum
1466 677 1761 753 frangere,
1788 676 1939 737 etad
1962 678 2175 741 mulie-

252 756 392 819 bres
434 757 750 819 blanditias
792 775 993 820 vocem
1035 765 1379 832 extenuare,
1426 755 1675 818 mollitie
1726 755 1992 835 corporis
2046 777 2178 819 cer-

252 844 383 899 tare
425 857 561 898 cum
605 837 867 913 feminiS,
913 843 971 899 et
1012 836 1509 917 immundissimis
1551 856 1612 897 se
1674 834 1942 898 excolere
2000 854 2175 898 mun-

220 916 439 992 ditiis,
484 923 825 979 nostrorum
868 916 1329 979 adolescentium
1374 914 1675 995 specimen
1719 922 1843 977 est.
1870 961 1884 976 .
1917 962 1931 974 .
1977 915 2171 995 Expu-

247 1004 527 1074 gnatores
570 995 801 1058 alienae
845 995 1190 1075 pudicitiae,
1235 994 1606 1074 negligentes
1659 1012 1823 1057 suae.
1875 993 2168 1075 Numquis

248 1076 438 1153 igitur
480 1078 728 1138 fortasse
772 1075 1088 1137 mirabitur
1131 1074 1273 1155 quid
1317 1094 1561 1138 caussae
1602 1076 1695 1144 sit,
1739 1073 1895 1153 quod
1938 1074 2003 1135 in
2046 1083 2166 1137 tam

240 1156 564 1234 ‚depravata
611 1155 866 1233 civitate,
912 1157 974 1217 in
1020 1163 1138 1216 tam
1181 1154 1487 1216 dissolutis
1516 1153 1784 1217 moribus
1820 1162 2177 1234 corruptum'

248 1235 540 1297 orationis
581 1253 768 1313 genus
812 1235 1171 1315 provenerit,
1223 1233 1381 1315 quod
1425 1241 1529 1295 aut
1570 1232 1883 1297 verborum
1928 1232 2164 1297 licentia

248 1314 593 1389 exsultaret,
640 1321 745 1375 aut
787 1314 1119 1397 puerilibus
1161 1312 1532 1386 sententiolis
1576 1313 1893 1390 lasciviret,
1925 1320 2029 1373 aut
2058 1312 2170 1375 im-

248 1393 484 1457 modico
534 1399 767 1456 tumore
818 1401 1203 1472 turgesceret,
1248 1401 1353 1455 aut
1393 1392 1671 1455 inanibus
1721 1392 1868 1454 locis
1911 1391 2169 1455 baccha-

246 1480 450 1549 retur,
495 1480 599 1534 aut
639 1473 888 1552 casuriS,
933 1473 983 1536 si
1019 1473 1225 1535 leviter
1253 1480 1693 1537 excuterentur,
1727 1472 1988 1534 flosculis
2019 1471 2169 1537 nite·

247 1560 362 1630 ret,
395 1559 499 1614 aut
526 1552 874 1633 praecipitia
905 1570 1010 1633 pro
1039 1551 1397 1615 sublimibus
1427 1551 1671 1615 haberet
1696 1551 1841 1632 (1)‘.>
1869 1551 2166 1614 Nimirum

246 1633 333 1694 ait
374 1632 589 1694 Lucius
625 1632 847 1697 Seneca
878 1632 974 1712 (2)
1005 1632 1138 1695 talis
1166 1651 1403 1712 semper
1433 1630 1776 1695 hominibus
1807 1631 1919 1693 fuit
1948 1633 2163 1704 oratio,

244 1712 444 1792 qualis
473 1713 625 1773 vita:
659 1731 846 1791 genus
883 1713 1118 1775 dicendi
1162 1712 1436 1805 publicos
1476 1728 1672 1773 mores
1712 1710 2004 1772 imitatur.

327 1792 637 1855 Caeterum
702 1794 811 1854 etsi
876 1792 980 1853 illa
1043 1792 1370 1855 dictlonum
1415 1792 1651 1853 castitas
1694 1792 1756 1851 in
1815 1790 1993 1850 huius
2038 1792 2165 1853 aevi
2233 1804 2238 1809 ’

244 1870 640 1952 scriptoribus
679 1871 1075 1947 desideratur,
1122 1890 1273 1951 quae
1315 1871 1378 1932 in
1421 1870 1497 1931 iis
1538 1870 1772 1947 elucet,
1839 1870 1941 1948 qui
2004 1872 2163 1932 circa

240 1958 499 2013 ,aetatem
542 1951 904 2029 Augusteam
946 1952 1321 2027 floruerunt3
1367 1949 1552 2010 multa
1602 1957 1801 2012 tamen
1845 1949 1908 2009 in
1952 1949 2165 2013 iisdem

245 2037 575 2092 occurrunt
603 2030 902 2110 probanda
934 2037 1111 2110 atque
1141 2032 1317 2093 etiam
1350 2029 1719 2105 admiranda3
1754 2028 1936 2089 multa
1969 2029 2161 2107 docte,

243 2116 418 2173 acute
461 2116 520 2172 et
561 2111 868 2174 commode
911 2110 1102 2188 dicta3
1143 2112 1329 2173 multa
1360 2110 1621 2188 demum,
1657 2127 1810 2202 quae
1838 2108 2164 2186 grandibus

242 2188 611 2267 imaginibus
638 2197 814 2270 atque
844 2191 1158 2254 altitudine
1186 2190 1613 2254 sententiarum
1645 2209 1731 2252 sic
1759 2189 2161 2267 illustrantur,

244 2276 313 2330 ut
335 2273 712 2348 quacumque
742 2277 932 2334 aetate
960 2289 1173 2349 magno
1203 2291 1338 2334 cum
1369 2270 1564 2333 fructu
1595 2268 1668 2330 ab
1696 2269 1772 2331 iis
1799 2269 2156 2346 legerentur,

245 2349 350 2427 qui
392 2349 496 2410 diu
540 2356 599 2409 et
641 2349 896 2410 multum
953 2351 1071 2411 iam
1135 2359 1330 2414 essent
1383 2350 1446 2411 in
1510 2351 1709 2412 aureis
1770 2353 1885 2411 scri
1935 2349 2163 2412 toribus

246 2429 487 2490 versati.
534 2426 622 2489 Ad
665 2428 778 2490 hoc
818 2430 960 2490 vitia
1004 2429 1154 2510 ipsa,
1200 2430 1418 2510 quibus
1480 2429 1778 2491 interdum
1842 2430 1895 2489 la
1943 2436 2158 2505 orant,

244 2524 369 2570 non
410 2508 539 2570 sine
584 2508 839 2587 quadam
882 2509 1180 2588 voluptate
1220 2516 1527 2584 notantur,
1573 2508 1728 2587 quod
1772 2507 1835 2567 in
1879 2507 1954 2570 iis
1994 2527 2163 2570 sene-

243 2588 465 2650 scentis
505 2587 743 2666 imperii
784 2589 1024 2666 vestigia
1068 2589 1248 2650 veluti
1291 2589 1685 2666 agnoscimus,
1720 2595 1778 2649 et
1807 2588 1962 2666 quod
1992 2587 2163 2650 nobis

243 2666 627 2748 suppeditant
670 2666 772 2728 ubi
815 2667 1102 2730 iudicium
1147 2668 1429 2747 utrinque
1471 2686 1871 2730 exerceamus.
2259 2680 2264 2686 ·

304 2908 371 2967 (1)
404 2907 676 2968 ΟυιΝτη..,
709 2908 815 2968 111,
853 2911 928 2965 10,
961 2907 1044 2962 73.

304 2972 370 3029 w
403 2970 500 3032 Ep.
536 2969 603 3019 ad
638 2969 828 3031 Lucil„
862 2981 1007 3021 cxiv.
