2673 4295
879 332 994 403 111‘3.
1022 360 1110 404 111.
1156 359 1354 405 -·cA1³.
1382 360 1510 405 vm.
2038 346 2150 408 147

239 442 472 506 tilianus
513 439 563 501 is
606 445 714 515 est,
761 437 1033 518 Calaguri
1077 449 1251 503 natus
1294 441 1353 501 in
1400 440 1678 521 Hispania
1724 441 1999 504 citeriore
2029 444 2147 524 (1),

237 541 401 590 anno
443 519 764 583 christiano
807 522 1064 582 secundo
1107 529 1164 583 et
1206 522 1678 600 quadragesimo.
1726 523 1862 583 Post
1903 522 2154 586 Neronis

239 610 513 671 mortem,
564 619 710 679 puer
752 619 783 659 a
827 598 1004 661 Galba
1050 602 1297 662 Romam
1342 602 1675 680 perductus,
1726 602 1962 662 vixdum
2017 604 2155 664 ado-

239 684 408 758 levit,
454 682 516 741 in
560 682 686 741 soro
730 679 987 758 prim‘um
1020 682 1285 747 maxima
1330 700 1465 741 cum
1517 682 1698 741 laude
1726 689 1820 742 est
1863 691 2148 744 versatus.

239 762 466 826 Deinde
487 760 791 822 'rhetorem
822 760 1139 838 professuS‚
1172 761 1405 822 dicendi
1437 768 1622 821 artem
1653 759 1887 839 publice
1928 762 2150 839 docuit,

239 852 302 907 et
348 840 575 921 primus
618 856 689 900 ex
728 839 926 901 latinis
968 848 1025 901 et
1067 841 1290 917 graecis
1333 839 1671 902 rhetoribus
1713 839 1846 909 fuit,
1903 840 1997 901 cui
2054 844 2157 902 sti-

243 921 528 1004 pendium
558 938 640 981 ex
683 920 821 980 fisco
867 919 1298 997 persolveretur
1340 920 1457 998 (2).
1504 919 1628 991 Quo
1671 920 1734 979 in
1777 938 2024 982 munere
2055 921 2156 982 ob-

244 1002 445 1065 eundo
476 1019 549 1062 se
591 998 671 1059 ita
713 1017 926 1059 navum
970 1006 1145 1077 atque
1189 998 1547 1062 industrium
1594 998 1753 1076 egit,
1808 1006 1873 1059 ut
1929 1000 2155 1061 clarum

244 1099 491 1155 nomen,
535 1097 698 1158 opeS,
744 1095 1048 1139 romanam
1096 1078 1390 1141 civitatem
1420 1126 1435 1154 ,
1482 1086 1778 1158 postremo
1822 1080 2156 1140 consularia

245 1166 597 1225 ornamenta
662 1164 1143 1237 consequeretur.
1207 1157 1467 1219 Tandem
1536 1166 1846 1236 postquam
1915 1176 2156 1238 operam

246 1258 419 1303 suam
506 1256 570 1300 er
611 1237 814 1315 viginti
861 1255 1044 1298 annos
1087 1237 1427 1299 erudiendis
1457 1238 1691 1317 publice
1722 1238 1815 1316 (3)
1846 1238 2159 1299 iuvenibus

245 1257 657 1399 impendisset,
691 1316 948 1396 quietem
979 1324 1186 1378 nactus
1215 1318 1308 1396 (4)
1341 1317 1523 1379 libros
1552 1317 1859 1379 duodecim
1892 1318 2158 1379 conscri-

247 1399 371 1481 psit
412 1398 495 1460 De
533 1398 879 1459 institutione
921 1398 1186 1457 oratoria.
1233 1396 1616 1476 Quamquam
1657 1415 1794 1458 vero
1822 1445 1835 1472 ‚
1904 1398 2160 1476 perfecto

246 1480 349 1541 vix
388 1476 563 1539 tertio
605 1475 757 1538 libro
801 1474 918 1556 (5),
964 1476 1331 1537 Domitianus
1374 1476 1672 1553 Augustus
1735 1479 1954 1538 sororis
2018 1497 2161 1540 suae

248 1563 536 1638 nepotum
578 1574 782 1618 curam
826 1554 879 1617 ei
921 1555 1228 1632 delegavit,
1253 1555 1462 1617 'nihilo
1507 1564 1704 1617 tamen
1746 1557 1983 1633 segnius
2013 1576 2162 1637 opus

247 1656 431 1702 suum
472 1635 719 1728 peregit,
764 1635 920 1714 quod
963 1636 1139 1696 etiam
1183 1654 1343 1696 nunc
1385 1635 1656 1712 legimus.

335 1717 609 1795 Plerique
651 1715 937 1792 rhetoreS,
983 1713 1085 1793 qui
1128 1721 1313 1777 artem
1368 1714 1574 1775 orandi
1631 1715 1844 1776 litteris
1910 1716 2163 1776 tradide-

245 1801 412 1866 runt,
462 1802 902 1858 contemnentes
945 1801 1226 1872 tanquam
1271 1812 1472 1875 parva,
1506 1812 1658 1874 quae
1688 1795 1852 1873 prius
1883 1796 2165 1856 discimus

246 1874 464 1947 studia,
515 1873 597 1935 ita
637 1880 778 1936 sunt
818 1874 1032 1945 exorsi,
1079 1874 1247 1953 quasi
1293 1874 1567 1953 perfectis
1609 1875 1772 1936 omni
1802 1874 1919 1935 alio
1949 1893 2164 1953 genere

318 2093 384 2156 (1)
414 2093 533 2145 Non
566 2092 789 2145 defuere
821 2092 915 2156 qui
947 2092 1035 2143 his
1076 2094 1193 2144 anis
1227 2093 1450 2157 quidem
1485 2094 1788 2145 maioribus
1823 2098 2167 2159 prognatum,

251 2156 358 2210 sed
392 2156 449 2207 in
482 2156 640 2207 Italia
672 2159 854 2207 ortum
880 2156 1042 2215 Quint
1069 2157 1275 2207 lianum
1300 2156 1525 2208 ferrent.
1551 2157 1647 2206 His
1671 2160 1814 2209 inter
1839 2160 2169 2210 recentiores

252 2218 400 2270 adsti
445 2218 625 2270 ulatur
659 2220 947 2270 SALva‘ron
982 2219 1233 2277 Bss'r'rms,
1264 2219 1345 2270 vir
1374 2219 1442 2270 cl.
1468 2216 1792 2280 (L'Illustre
1813 2219 2005 2282 Italia,
2031 2220 2168 2275 dial.

262 2281 354 2342 V.)
385 2230 494 2331 1303
528 2291 646 2330 rem
679 2281 737 2331 in
769 2281 954 2331 medio
987 2281 1378 2342 relinquentes
1416 2281 1693 2353 studiosos
1744 2282 2055 2343 delegamus
2105 2283 2172 2334 ad

254 2343 679 2405 {rimoscmuiu
715 2343 886 2400 (Stor.
923 2341 1069 2394 della
1104 2342 1274 2394 letter.
1308 2341 1449 2402 ital„
1475 2343 1639 2402 l1b.1,
1665 2356 1777 2406 cap.
1806 2345 1895 2406 111,
1918 2349 1939 2402 ἒ
1963 2348 2053 2403 10),
2081 2346 2174 2397 ubi

256 2407 581 2465 argumenta
613 2403 931 2466 afferuntur,
966 2403 1165 2467 quibus
1196 2404 1324 2456 freti
1359 2406 1465 2456 viri
1499 2406 1859 2457 eruditissimi
1893 2407 1987 2457 aiii
2010 2407 2173 2458 aliam

260 2467 588 2518 sententian:
632 2468 870 2521 tuentur.
1635 2486 1638 2489 ’

330 2529 390 2588 (2)
423 2526 573 2578 Titus
608 2523 829 2579 Flavms
860 2527 1222 2590 Vespasianus
1254 2539 1324 2579 ex
1345 2528 1566 2591 publico
1588 2529 1799 2578 aerario
1819 2528 2004 2578 latinis
2026 2539 2176 2588 grae-

255 2590 449 2652 cisque
482 2588 798 2639 rhetoribus
832 2599 1012 2639 annua
1057 2593 1284 2640 centena
1333 2590 1585 2640 sestertia
1637 2591 1843 2650 primus
1893 2592 2179 2642 constituit

260 2654 542 2712 (Svssrom
577 2650 815 2713 vespas„
849 2651 1031 2710 xvnl).
1068 2651 1306 2702 Centena
1340 2652 1593 2701 sestertia
1625 2651 1775 2702 idem
1807 2651 1980 2702 ferme
2023 2653 2181 2703 vale-

257 2714 394 2767 bant
426 2716 588 2776 atque
621 2711 763 2775 apud
796 2723 896 2763 nos
928 2715 1008 2775 20,
1043 2717 1137 2763 458
1168 2713 1239 2775 fr.
1274 2717 1333 2764 33
1370 2714 1506 2764 cent.
1551 2713 1626 2763 Ex
1676 2725 1783 2774 quo
1834 2714 1943 2763 iam
1997 2717 2177 2777 patet,

257 2777 470 2837 quanto
518 2773 719 2826 melius
767 2785 891 2825 cum
943 2775 1184 2827 romanis
1235 2774 1369 2826 olim
1414 2773 1727 2825 rhetoribus
1759 2775 2176 2836 actum-fuerit,

258 2847 432 2949 quam
464 2847 588 2888 cum
622 2836 845 2897 nostriS,
882 2847 1115 2898 quorum
1151 2837 1383 2897 laboreS,
1410 2836 1454 2887 si
1472 2837 1722 2906 praemia
1742 2841 2055 2898 spectentur
2086 2839 2184 2890 iis-

304 2909 394 2948 em
428 2898 725 2960 proposita,
758 2897 934 2949 multo
969 2899 1200 2950 minoris
1224 2897 1408 2962 (pudet
1441 2895 1659 2958 diceret)
1695 2910 1857 2961 quam
1880 2899 2179 2952 humillimi

262 2960 430 3011 cuius
469 2968 540 3010 ue
573 2959 797 3012 artificis
830 2959 1205 3012 aestimantur.

330 3023 394 3081 (3)
478 3019 584 3072 uod
617 3021 810 3073 attinet
849 3021 916 3071 ad
966 3021 1273 3073 studiorum
1321 3019 1611 3081 rationem,
1661 3034 1822 3084 quam
1870 3023 1926 3074 in
1977 3023 2182 3074 scholis

261 3082 505 3146 publicis
555 3083 918 3144 sequebantur
967 3085 1213 3145 Romani,
1262 3084 1388 3134 vide
1440 3084 1497 3134 L.
1534 3085 1775 3146 Ronnssn,
1811 3086 1888 3136 De
1921 3086 2180 3136 scholast.

265 3155 486 3196 roman.
524 3145 756 3198 institut.
795 3146 1012 3197 dissert.
1049 3146 1217 3196 Bonn.
1255 3149 1390 3197 1828.

334 3208 396 3267 (4)
433 3206 898 3266 Quemadmodum
933 3208 1146 3259 romani
1180 3208 1386 3258 milites
1424 3210 1544 3268 post
1575 3208 1769 3268 viginti
1794 3207 2082 3270 stipendia,
2109 3208 2188 3260 ita

265 3267 525 3382 ‘iilocltores
560 3271 684 3331 post
715 3269 908 3382 vcigiinti
940 3279 1114 3381 allinclig
1135 3270 1461 3320 missionem
1483 3269 1773 3322 honestam
1798 3270 2181 3333 impetrabant.

318 3367 330 3382 .
395 3340 693 3391 usrmuu„
773 3342 804 3381 o
847 3369 878 3392 .‚
914 3341 969 3381 xi
1006 3371 1017 3391 ‚
1118 3369 1129 3382 .

337 3394 400 3453 (5)
432 3391 489 3448 V.
524 3393 894 3458 Prooemium,
928 3392 1022 3445 lib.
1058 3400 1136 3456 rv,
1169 3392 1249 3446 De
1280 3392 1454 3448 instit.
1489 3399 1625 3448 orat.
