2673 4295
515 366 634 432 ΠΟ
724 395 731 402 ·
1151 382 1469 427 msronmz
1518 381 1795 427 carrium

508 461 926 543 scribendique
969 462 1284 539 libertate3
1329 462 1379 525 si
1427 462 1600 524 modo
1645 462 1925 522 Iustinum
1954 461 2361 540 excipiamus,
2404 464 2481 523 in

511 563 631 627 quo
674 542 1053 621 elegantioris
1096 544 1223 605 aevi
1267 543 1488 621 passim
1532 543 1780 603 virtutes
1824 540 2202 618 agnoscimus
2244 542 2386 621 (1).

592 623 868 704 Plerique
910 624 983 685 ad
1020 621 1305 684 Antonini
1338 621 1427 682 Pii
1460 630 1726 700 tempora
1758 621 1916 682 hunc
1946 621 2239 698 referunt,
2272 621 2482 684 cuius

504 710 745 769 'exstant
786 702 1161 765 Historiarum
1206 702 1660 783 Philippicarum
1720 699 1859 761 libri
1922 716 2132 761 xxxxiv
2195 719 2228 761 a
2291 700 2481 762 Nino

512 802 703 864 usque
745 783 817 844 ad
861 782 1170 846 Caesarem
1201 782 1534 858 Augustum
1565 782 1687 861 (2).
1720 779 2149 853 Quibuslibris
2178 780 2480 843 Iustinus

514 882 767 944 graecas
785 869 845 924 et
875 861 1054 923 totius
1083 860 1244 923 orbis
1272 861 1552 923 historias
1590 861 1653 921 in
1695 860 1995 940 epitomen
2040 859 2250 938 coegit,
2302 879 2478 940 quas

516 963 624 1025 per
668 942 854 1003 multa
898 942 1143 1004 diffusas
1187 940 1490 1002 volumina
1544 940 1772 1018 Trogus
1834 940 2150 1019 Pompeius
2178 988 2196 1018 ‚
2258 939 2479 1003 Theo·

517 1022 720 1105 pompi
764 1022 1098 1102 exemplum
1141 1028 1402 1094 secutuS‚
1435 1027 1719 1099 augustea
1751 1027 1941 1098 aetate
1972 1020 2155 1083 latine
2188 1020 2472 1100 perscri-

557 1108 737 1167 serat.
764 1100 928 1164 Iuvat
962 1101 1207 1164 omnino
1238 1100 1299 1160 in
1329 1102 1485 1164 hanc
1514 1119 1641 1163 rem
1668 1100 1959 1161 Iustinum
1985 1100 2184 1177 ipsum
2207 1100 2462 1162 audire.

516 1124 607 1246 gx
642 1182 804 1243 hisce
845 1181 1022 1259 Trogi
1064 1180 1490 1258 voluminibuS,
1536 1182 1620 1242 ait
1661 1180 1787 1255 ille,
1835 1198 1941 1259 per
1982 1180 2197 1255 otium,
2231 1179 2466 1260 quoin

518 1262 670 1335 urbe
700 1260 1104 1337 versabamur,
1130 1260 1468 1339 cognitione
1491 1279 1762 1340 quaeque
1784 1259 2130 1337 dignissima
2155 1260 2461 1339 excerpsi,

517 1351 579 1407 et
618 1340 852 1403 omissis
895 1341 1011 1418 h-is,
1055 1359 1208 1421 quae
1250 1360 1361 1404 nec
1403 1340 1795 1419 cognoscendi
1828 1339 2127 1420 voluptate
2159 1339 2453 1409 iucunda,

518 1441 631 1486 nec
673 1421 942 1500 exemplo
984 1429 1155 1484 erant
1193 1422 1552 1497 necessaria,
1600 1420 1776 1481 breve
1821 1419 2000 1481 veluti
2045 1419 2261 1481 florum
2320 1436 2463 1481 coi·-

521 1499 836 1583 pasculum
879 1501 990 1563 feci
1034 1501 1152 1580 (3).
1200 1499 1366 1562 Unde
1407 1503 1529 1562 iam
1572 1499 1720 1560 illud
1765 1499 2102 1577 colligitur,
2145 1499 2463 1578 quandam

521 1584 697 1662 quasi.
734 1576 1053 1658 ὢιθολογίαν
1095 1600 1165 1643 ex
1191 1579 1369 1658 Trogi
1400 1580 1666 1642 historiis
1716 1579 1898 1641 fuisse
1952 1597 1984 1640 a
2036 1579 2263 1641 Iustino
2313 1596 2465 1640 con-

525 1664 750 1727 statam.
796 1660 867 1721 Et
909 1678 1110 1723 revera
1156 1660 1451 1740 plurimae
1496 1660 1716 1741 passim
1745 1660 1806 1719 in
1852 1659 1961 1721 hac
2003 1658 2265 1738 optimae
2307 1677 2464 1719 nar-

440 1755 443 1758 ·
524 1742 789 1809 rationes
830 1748 1152 1803 occurrunt
1192 1740 1467 1821 copiosae
1497 1747 1569 1802 *et
1609 1747 1876 1815 ornatae,
1917 1738 1978 1798 in
2008 1738 2224 1818 quibus
2252 1747 2465 1801 noster

524 1839 646 1884 non
691 1821 865 1886 modo
908 1819 1254 1896 sententias,
1298 1820 1402 1883 sed
1446 1827 1506 1883 et
1547 1838 1714 1882 voces
1750 1818 1911 1897 ipsas
1940 1819 2173 1880 videtur
2199 1837 2232 1879 a
2261 1818 2462 1896 Trogo

527 1902 712 1967 fuisse
753 1908 1079 1964 mutuatus.
1126 1898 1305 1976 Multa
1353 1917 1491 1962 vero
1533 1900 1725 1960 fusius
1767 1898 1840 1959 ab
1883 1898 1988 1960 illo
2030 1905 2272 1959 narrata
2316 1898 2463 1960 bre-

527 1981 681 2046 viter
723 1984 869 2045 adeo
913 1978 1279 2060 perstrinxit,
1325 1987 1392 2042 ut
1434 1998 1590 2042 nexu
1636 1979 1998 2040 narrationis
2040 1985 2272 2039 tantum
2327 1997 2462 2041 scr-

526 2070 686 2142 vato,
731 2063 806 2125 ad
849 2060 964 2121 alia
1007 2060 1469 2139 progrederetur
1510 2060 1631 2140 (4).
2005 2135 2010 2138 ι
2319 2115 2326 2124 ,

610 2143 804 2218 Quum
869 2139 1053 2219 igitur
1115 2140 1377 2203 Iustinus
1437 2140 1614 2217 Trogi
1678 2139 1967 2202 dictiones
2020 2144 2088 2199 ut
2129 2136 2462 2218 plurimum

530 2223 872 2298 retinuerit,
917 2222 1026 2284 etsi
1069 2238 1189 2281 non
1234 2221 1440 2283 eadem
1471 2221 1692 2299 ubique
1721 2221 1936 2296 gaudet
1964 2218 2253 2282 orationis
2281 2239 2468 2281 venu-

531 2309 707 2380 state,
752 2318 1001 2363 aureum
1035 2305 1233 2361 tamen
1263 2301 1535 2377 augustei
1564 2299 1786 2361 saeculi
1816 2299 2074 2361 colorem
2107 2299 2467 2378 plerumque

532 2382 740 2458 refert,
784 2387 961 2459 atque
1004 2378 1273 2441 omnium
1318 2380 1568 2441 huiusce
1598 2379 1806 2441 aetatis
1837 2380 2196 2458 scriptorum
2226 2379 2470 2457 elegan-

538 2461 806 2523 tissimus
864 2459 1138 2521 hahetur.
1192 2459 1280 2520 Ad
1336 2459 1483 2521 haec
1547 2477 1731 2538 quum
1793 2476 1970 2521 nemo
2033 2458 2190 2550 apud
2233 2467 2470 2521 veteres

538 2541 860 2615 Romanos,
906 2546 1142 2619 praeter
1183 2538 1502 2614 Iustinum,
1536 2539 1714 2600 totius
1745 2539 1932 2601 ferme
1961 2537 2121 2600 orbis
2155 2539 2469 2617 historiam

538 2621 712 2683 nobis
755 2619 1115 2695 exhibuerit,
1161 2619 1293 2682 iure
1338 2617 1670 2698 meritoque
1714 2618 1826 2681 viri
1891 2618 2251 2680 cordatiores
2310 2619 2469 2680 hanc

543 2875 669 2987 θος)
702 2873 1029 2985 ἷέεέδῐηῗῐῑὶἰ-ιές.)
1065 2871 1225 2933 Trogi
1260 2871 1391 2932 epit.
1431 2870 1651 2932 scripsit
1684 2870 1725 2920 1.
1763 2869 1828 2919 H.
1865 2871 1956 2920 Sr.
1984 2869 2301 2959 Rznsmsiu.
2342 2867 2474 2920 Cra-

610 2998 671 3055 (2)
723 2973 852 3046 Ph'i
874 2994 925 3045 ll
948 2972 1212 3057 ppicao
1266 2993 1615 3057 appellantur
1669 2992 1862 3044 tustini
1898 2978 2161 3043 historiae
2185 3002 2219 3041 a
2252 2993 2476 3054 potiore

547 3058 634 3110 sui
690 3059 877 3129 parte,
929 3056 1033 3107 hoc
1067 3061 1151 3108 est
1184 3069 1216 3107 a
1248 3058 1414 3128 relius
1450 3054 1835 3117 macedonicIS,
1871 3066 2005 3118 quas
2038 3066 2070 3105 a
2102 3053 2248 3107 libro
2279 3055 2367 3105 vil
2403 3052 2478 3105 ad

546 3119 1459 3252 ¹¹23}¹v3³¹1⁸3351¹13³1⁰3r¹3³22329⁰¹²⁰²

611 3245 673 3302 (4)
708 3244 848 3294 Sunt
879 3253 971 3303 qui
1007 3242 1353 3302 singulorum
1386 3241 1656 3292 librorum
1701 3241 1955 3302 prologos
2004 3239 2185 3293 veteri
2234 3238 2483 3302 cuipiam

548 3305 904 3417 {rammati‘co
940 3303 1364 3376 tribuant3Vifle
1400 3304 1456 3375 in
1491 3303 1629 3356 hanc
1661 3314 1812 3375 rem:
1867 3303 1905 3352 T
1927 3303 2086 3364 rogi
2138 3303 2174 3352 P
2197 3313 2303 3353 om
2323 3313 2406 3365 pe
2427 3302 2485 3353 ii

614 3369 1071 3416 istoriarum
1106 3365 1439 3436 philipp.
1479 3365 1781 3427 prologi
1816 3364 2112 3418 emend.
2150 3364 2265 3416 ed.
2304 3365 2361 3416 G.
2412 3364 2481 3415 Η.

551 3427 839 3482 Gmussnr.
875 3427 1170 3480 Monaster.
1208 3429 1349 3489 1827,
1383 3429 1536 3479 ιιι-80.
