2673 4295
875 354 994 401 ιιΒ.
1042 356 1122 400 1v.
1156 373 1183 384 -
1212 356 1341 401 CAP.
1376 356 1505 401 vm.
1559 377 1560 382 κ
2028 339 2143 402 175

1124 490 1258 569 §7.

815 620 1150 685 Ammianus
1191 624 1583 687 Marcelli-nas.

310 825 636 907 Aliquanto
679 826 966 889 maiorem
1010 825 1436 904 celebritatem,
1485 846 1672 907 quam,
1706 826 1982 908 aequales
2024 825 2143 907 sui,

211 906 483 985 adeptus
527 918 614 968 est
655 906 986 968 Ammianus
1009 908 1411 983 Marcellinus,
1455 909 1556 987 qui
1587 907 1695 971 sub
1724 907 2065 969 Constantio
2088 915 2147 970 et

262 984 522 1047 roximis
561 985 1022 1065 imperatoribus
1064 986 1208 1047 vixit
1249 1007 1437 1066 usque
1482 989 1555 1049 ad
1594 986 2012 1049 Theodosium.
2067 987 2147 1050 De

210 1003 414 1127 Euius
457 1066 649 1144 patria
691 1074 751 1128 et
791 1066 1135 1146 parentibus
1176 1066 1279 1127 alii
1313 1068 1429 1129 alia
1461 1068 1840 1148 protulerunt
1865 1066 1985 1148 (l).
2018 1067 2150 1129 Ple·

209 1144 406 1223 rique
448 1162 586 1207 vero
620 1145 970 1224 opinantur,
1013 1146 1362 1211 Antiochiae
1403 1148 1561 1209 haud
1623 1145 1871 1225 ignobili
1933 1165 2149 1225 genere

212 1232 456 1300 ortum,
501 1224 694 1305 prima
736 1234 925 1288 aetate
954 1225 1168 1288 litteris
1197 1235 1374 1306 atque
1408 1229 1592 1289 armis
1620 1245 1862 1307 operam
1891 1226 2145 1292 dedisse.
2209 1260 2213 1264 ·

214 1302 444 1365 Utrum
474 1304 870 1367 christianam
900 1306 1262 1386 sapientiam
1305 1309 1382 1369 sit
1422 1315 1662 1369 secutus
1704 1326 1925 1379 necne,
1972 1306 2148 1367 multi

216 1383 507 1444 dubitant
547 1385 666 1463 (2).
712 1384 826 1447 Sed
867 1386 979 1447 hoc
1014 1386 1170 1446 nihil
1212 1387 1286 1447 ad
1342 1405 1472 1449 nos,
1536 1386 1690 1448 Illud
1752 1393 1838 1449 est
1899 1385 2168 1448 huiusce·

217 1463 574 1542 scriptionis
616 1471 845 1541 nota-re,
890 1465 1266 1526 Ammianum
1311 1465 1721 1528 Marcellinum
1772 1472 1904 1544 post
1956 1465 2148 1526 maxi-

218 1560 363 1604 mos
405 1542 548 1605 belli
589 1543 1383 1624 laborem-quinquagesimo
1436 1547 1623 1608 ferme
1677 1544 1885 1607 aetatis
1946 1562 2145 1620 anno,

216 1620 559 1686 Theodosio
602 1623 954 1704 imperante,
999 1626 1071 1686 ad
1113 1626 1485 1687 scribendam
1518 1627 1809 1687 historiam
1835 1644 1899 1687 se
1940 1633 2148 1686 contu·

218 1701 394 1776 lisse,
441 1721 557 1781 qua
600 1722 694 1766 res
722 1712 926 1782 ,gestas
968 1726 1000 1766 a
1040 1708 1361 1787 principatu
1406 1704 1663 1767 Caesaris
1690 1705 1906 1770 Nervae
1932 1706 2006 1765 ad
2044 1704 2149 1766 Va-

220 1783 396 1842 lentis
454 1785 749 1846 interitum
805 1785 1066 1846 narravit
1129 1786 1297 1847 libris
1358 1785 1517 1863 xxxl,
1562 1800 1822 1865 quorum·
1862 1784 2146 1846 tredecim

219 1861 463 1939 priores
503 1862 935 1926 interciderunt
974 1864 1094 1945 (3).
1673 1876 1686 1889 ·
1805 1945 1808 1946 ⁷

309 1940 505 2013 Quum
549 1951 763 2013 noster,
784 1974 789 1978 ·
811 1944 1042 2007 Iuliano
1079 1944 1459 2024 imperatore,
1491 1944 1647 2007 bello
1669 1943 1899 2023 persico
1927 1942 2149 2022 stipen-

220 2020 328 2079 dia
371 2022 611 2099 faceret,
655 2022 977 2085 nobiliores
1017 2023 1274 2086 Orientis
1317 2032 1496 2103 atque
1537 2023 1870 2087 Occidentis
1912 2022 2151 2102 provin-

221 2099 353 2162 cias
396 2109 765 2181 pervagatus,
812 2104 997 2166 multa
1039 2104 1176 2166 inde
1205 2104 1483 2185 arripuit,
1517 2122 1668 2184 quae
1698 2103 1882 2184 probe
1912 2103 2146 2182 cognita

222 2179 517 2244 historiae
557 2202 700 2246 suae
742 2184 996 2247 fideliter
1037 2184 1367 2247 mandaret.
1412 2183 1615 2264 Neque
1644 2187 1837 2246 solum
1866 2186 1931 2246 in
1958 2191 2151 2247 exter·

223 2260 326 2321 nis
388 2259 559 2323 bellis
622 2263 1022 2326 describendis
1063 2264 1380 2342 diligenter
1421 2274 1509 2326 est
1562 2272 1856 2337 versatuS,
1905 2264 2007 2326 sed
2050 2278 2148 2328 res

224 2341 414 2400 etiam
457 2341 717 2405 urbanas
758 2352 817 2405 et
856 2344 1206 2407 domesticas
1233 2344 1361 2406 sine
1389 2343 1647 2424 partium
1677 2344 1871 2407 studio
1900 2344 2141 2416 notavit,

224 2427 288 2480 et
332 2419 671 2501 principum
713 2423 977 2485 virorum
1021 2424 1256 2501 ingenia
1298 2432 1358 2486 et
1398 2442 1592 2486 mores
1632 2423 1920 2503 depinxit.
1950 2423 2146 2495 Quare

223 2500 279 2561 si
347 2499 689 2564 historicam
757 2503 930 2566 fidem
988 2503 1050 2564 in
1106 2503 1450 2565 Marcellino
1490 2511 1845 2582 spec‹temuS‚
1883 2520 2003 2564 ,nae
2045 2502 2146 2565 ille

225 2578 612 2644 vehementer
653 2581 1008 2644 laudanduS.
1041 2582 1115 2644 At
1141 2582 1314 2655 verba
1348 2581 1549 2643 latinis
1575 2581 1823 2643 auribus
1850 2581 2146 2659 inaudita,-

224 2662 613 2737 graecanicae
656 2662 944 2743 quaedam
989 2670 1166 2744 atque
1207 2660 1483 2724 horridae
1524 2661 1814 2724 dictiones
1838 2709 1871 2738 ,.
1911 2660 2147 2740 longior

295 2848 358 2905 (ι)
392 2847 474 2898 Ex
505 2847 648 2899 libro
678 2849 858 2910 xx111,
895 2859 1010 2910 cap.
1045 2852 1096 2911 4,
1127 2850 1151 2905 ἒ,
1185 2851 1261 2910 10,
1296 2850 1445 2910 patet
1492 2849 1872 2911 apertissime,
1908 2849 2146 2906 Ammia-

221 2919 365 2961 num
398 2909 568 2960 tuisse
603 2921 794 2970 graeco
826 2921 1021 2972 genere
1055 2913 1263 2961 natum.
1299 2911 1389 2961 Ait
1437 2913 1617 2962 enims
1672 2910 1965 2968 «Machina
2012 2914 2147 2962 scri·

223 2970 481 3034 ptoribus
515 2971 792 3023 historicis
824 2977 970 3030 nota,
1018 2982 1180 3033 quam
1229 2972 1527 3035 helepolim
1578 2974 1840 3026 Graeci
1889 2976 2147 3034 co'gno-

222 3046 284 3085 m
307 3034 382 3098 ign
401 3044 618 3085 amus,
642 3050 668 3079 ι
704 3034 857 3086 Idem
890 3034 1245 3101 confirmatur
1277 3046 1350 3085 ex
1383 3046 1497 3098 cap.
1532 3039 1579 3095 6,
1604 3041 1637 3094 ‘g
1667 3041 1728 3089 20
1772 3037 1895 3088 libr²
1916 3074 1931 3096 ,
1981 3042 2145 3097 quem

158 3160 161 3165 θ
221 3094 399 3168 modo
417 3098 736 3167 memoravi,
760 3096 853 3146 ubi
871 3095 1005 3147 haec
1020 3098 1304 3157 leguntur:
1334 3113 1369 3142 -α
1388 3097 1645 3148 Transire
1669 3101 1816 3152 enim
1847 3085 1893 3151 δι
1914 3085 2145 3163 ῑβαῖνειν

224 3157 483 3269 (Ιὶἰῦηωυῗ
503 3157 705 3210 Graeci.
725 3158 869 3273 ἑτῦῐ.
907 3159 1238 3219 Cumanum,
1273 3160 1351 3210 De
1385 3159 1560 3212 Amm.
1598 3161 1900 3214 Marcellini
1931 3161 2049 3215 vita
2089 3162 2146 3212 et

252 3219 267 3269 i
316 3219 409 3270 ris,
489 3231 630 3272 ovan
665 3225 723 3272 16
789 3261 801 3274 .

292 3283 356 3339 (2)
389 3282 449 3332 Α.
484 3283 669 3342 Drrm,
705 3285 782 3334 De
816 3284 990 3334 Amm.
1028 3282 1187 3334 Marc.
1223 3281 1434 3336 comm.
1470 3284 1806 3338 Rossellszss.

291 3345 356 3415 (ξ.)
391 3343 452 3393 In
488 3345 601 3394 illis
636 3346 801 3418 etiam
834 3345 1009 3404 libriS,
1045 3345 1135 3419 qui
1169 3344 1445 3419 hodieque
1467 3350 1707 3412 exstant,
1735 3349 1902 3402 multi
1932 3348 2142 3414 passim

210 3401 339 3467 loci
373 3411 667 3460 occurrunt
697 3406 911 3462 hiantes
944 3412 1038 3460 aut
1069 3409 1406 3471 interpolati.
