2673 4295
493 381 568 440 18
1130 395 1443 439 fflsromAF.
1488 393 1759 438 camon:

572 475 922 540 Huiusmodi
979 475 1300 551 sententia,
1347 493 1463 554 qua
1518 474 1843 549 docemur,
1889 473 2170 537 Graeciae
2225 480 2404 554 atque

489 555 692 619 Italiae
736 557 984 636 populos
1026 556 1232 617 eodem
1276 572 1492 631 genere
1542 554 1726 616 fuisse
1777 561 2093 634 prognatos
2123 603 2137 630 ,
2184 555 2406 616 acerri-

492 655 656 696 mum
700 636 990 697 vindicem
1037 635 1244 695 hahuit
1269 633 1641 695 Theodorum
1684 633 1972 712 Ryckium
2015 633 2155 713 (1),
2205 632 2400 696 virum

492 714 635 776 olim
680 716 835 795 apud
879 715 1123 776 Batavos
1171 713 1466 775 maximae
1508 713 1983 787 existimationiS‚
2029 731 2204 792 quem
2245 731 2405 775 com-

491 793 692 875 plures
735 815 804 857 ex
845 793 1276 874 recentioribus
1318 791 1414 872 (2)
1456 793 1643 854 secuti
1685 800 1846 854 sunt.
1881 792 2032 854 Hinc
2074 800 2270 864 autem
2300 812 2405 855 ne-

491 874 749 936 cessario
810 872 1163 949 conficitur,
1216 872 1483 949 linguam
1544 890 1815 949 graecam
1869 879 1926 934 et
1970 872 2213 933 latinam
2282 889 2403 934 uno

491 954 816 1032 eodemque
878 954 1039 1014 fonte
1107 952 1385 1028 fluxisse,
1452 959 1511 1015 et
1550 952 1780 1016 sororio
1842 951 1999 1014 inter
2047 971 2109 1014 se
2164 951 2403 1013 vinculo

493 1033 809 1094 contineri.
1615 1034 1622 1040 ‘

571 1127 693 1189 Iam
757 1128 906 1188 illud
949 1118 1223 1208 qusque
1270 1126 1770 1190 verisimillimum
1833 1127 2066 1189 videtur
2093 1176 2107 1203 ,
2153 1127 2402 1189 latinam

491 1207 782 1284 linguam,
869 1208 1072 1269 erinde
1115 1226 1182 1269 ac
1224 1225 1521 1285 graecam,
1565 1207 1833 1270 dialectis
1875 1208 2243 1270 diversorum
2302 1225 2406 1287 po-

536 1287 770 1349 ulorum
840 1287 995 1348 uisse
1025 1289 1340 1349 conflatam
1383 1286 1501 1368 (3),
1535 1285 1729 1366 quiin
1772 1305 1952 1347 unam
2006 1294 2241 1364 gentem
2270 1305 2405 1349 coa-

517 1374 758 1426 uerunt.
793 1366 1300 1439 Quemadmodum
1344 1380 1481 1428 vero
1523 1366 1760 1428 dialecti
1802 1367 1980 1428 citius
2020 1368 2265 1428 fuerunt
2307 1387 2407 1429 ex-

492 1445 711 1523 politae
733 1447 796 1506 in
826 1464 1030 1523 graeca
1063 1446 1328 1524 regione,
1355 1446 1610 1523 ingeniis
1635 1447 2048 1525 expromendis
2072 1445 2400 1525 aptissima3
2438 1463 2446 1473 ·

494 1527 575 1585 ita
621 1526 778 1604 apud
821 1525 996 1587 Italos
1037 1525 1262 1587 diutius
1301 1526 1562 1588 incultae
1605 1533 1781 1605 atque
1824 1526 2098 1586 horridae
2127 1544 2407 1604 perman—

493 1611 698 1666 serunt
727 1604 886 1666 inter
932 1604 1084 1667 vitae
1112 1605 1425 1684 pastoralis
1466 1605 1930 1684 simplicitatem,
1962 1606 2116 1667 inter
2146 1615 2405 1682 agrestes

494 1683 824 1745 incolarum
871 1701 1062 1746 mores
1105 1685 1199 1764 (4)
1228 1733 1242 1761 ,
1289 1685 1390 1763 qui
1434 1703 1468 1745 a
1512 1684 1782 1744 finitimis
1832 1683 1986 1746 bello
2028 1685 2406 1747 continenter

493 1762 706 1839 vexati,
752 1765 1083 1826 innumeris
1125 1783 1325 1826 rerum
1371 1763 1855 1826 conversionibus
1898 1764 2284 1827 iactarentur.
2318 1765 2405 1826 Ex

493 1841 586 1904 his
629 1850 826 1904 autem
888 1843 1156 1906 dialectis
1199 1861 1264 1905 ea
1311 1841 1681 1924 potissimum
1768 1844 2098 1920 raevaluit,
2145 1862 2295 1924 quae
2338 1845 2404 1904 in

494 1929 686 1983 tractu
731 1923 989 2000 regionis
1030 1931 1180 1999 erat,
1227 1941 1405 2003 quam
1446 1921 1675 1985 Tiberis
1716 1862 1889 1999 Enit,
1940 1923 2156 2002 cuique
2200 1931 2402 2003 postea

493 2002 660 2063 Latio
701 2020 918 2064 nomen
961 2002 1095 2063 fuit.

575 2082 688 2142 Per
728 2082 954 2161 aliquot
984 2080 1241 2158 saecula,
1286 2089 1413 2143 tum
1444 2099 1652 2161 graeca
1697 2089 1817 2142 tum
1850 2081 2033 2142 latina
2087 2081 2289 2161 lingua
2317 2082 2405 2145 sic

496 2161 705 2239 viguit,
737 2169 1054 2230 utneutra
1085 2162 1391 2243 quidpiam
1438 2182 1468 2223 a
1514 2179 1734 2224 sorore.
1761 2169 2156 2238 mutuaretur,
2193 2170 2253 2224 et
2278 2164 2405 2225 suis

496 2258 890 2324 unaquaeque
913 2241 1137 2303 viribus
1157 2242 1568 2303 tantummodo
1590 2242 1980 2303 cresceret.At
2002 2242 2142 2303 dum
2168 2260 2396 2320 graeca,

497 2320 951 2397 elegantissimis
993 2322 1110 2381 iam
1155 2320 1544 2400 scriptoribus
1594 2322 1834 2395 florenS,
1887 2321 2012 2382 suis
2052 2321 2177 2400 ipsa
2219 2323 2404 2383 vesti—

497 2399 607 2477 giis
649 2400 982 2475 insisteret,
1028 2399 1210 2462 latina
1242 2450 1257 2477 ‚
1304 2401 1474 2462 cuius
1518 2419 1811 2481 perpauca
1856 2408 2154 2463 exstarent
2196 2419 2408 2463 monu-

495 2568 717 2628 latinae‚
753 2580 872 2631 pag.
905 2570 1014 2620 457.
1050 2595 1110 2603 —
1144 2570 1319 2620 Annii.
1359 2570 1671 2630 Bonnlcnn,
1706 2570 1785 2619 De
1820 2569 1945 2619 fatis
1975 2572 2032 2621 et
2064 2570 2282 2621 aetatih.
2306 2582 2403 2621 vas

497 2631 598 2681 riis
631 2631 761 2692 ling.
796 2631 914 2692 lat„
949 2641 1066 2693 pag.
1101 2634 1149 2691 2,
1183 2636 1229 2682 3.
1265 2658 1326 2665 -
1361 2632 1402 2681 Ι.
1440 2631 1495 2681 G.
1532 2631 1797 2693 WALcun,
1821 2632 1959 2683 Hist.
1993 2632 2113 2682 crit.
2150 2632 2242 2682 lat.
2270 2634 2402 2695 ling.

497 2692 711 2753 Lipsiae
750 2694 894 2753 1761,
932 2693 989 2743 in
1021 2694 1086 2753 8⁰,
1123 2704 1237 2754 cap.
1275 2694 1319 2752 Ι,
1353 2697 1375 2750 ἓ
1406 2697 1454 2754 4,
1491 2704 1605 2754 pag.
1631 2697 1691 2743 28
1728 2697 1784 2743 et
1816 2704 1928 2755 seq.
1962 2719 2025 2728 —
2057 2693 2192 2744 Can.
2233 2694 2403 2756 Walz,

499 2753 578 2802 De
625 2754 892 2813 religione
940 2763 1296 2804 romanorum
1347 2755 1760 2815 antiquissima,
1807 2756 1995 2815 partic.
2044 2756 2085 2806 Ι.
2131 2755 2407 2816 Tubingae

500 2815 1002 2875 lma—Gummi,
1039 2828 1126 2877 op.
1161 2817 1273 2877 cit„
1309 2827 1426 2876 pag.
1464 2820 1525 2866 32
1554 2827 1585 2866 e
1619 2827 1750 2879 seg„
1783 2820 1875 2867 229
1906 2829 1935 2867 e
1969 2828 2079 2875 seg.
2115 2817 2223 2869 270.

563 2879 624 2935 (1)
658 2877 713 2928 V.
750 2878 1038 2927 TnEonom
1072 2879 1264 2927 Rchn
1299 2878 1627 2928 Dissertatio
1662 2878 1727 2928 de
1750 2879 1943 2942 primis
1966 2879 2156 2929 Italiae
2190 2879 2405 2932 colonis

501 2941 554 2988 et
582 2938 800 2988 Aeneae
834 2938 1089 2988 adventu.
1124 2940 1370 2999 Lugduni
1406 2941 1732 2991 Batavorum
1770 2944 1906 2995 1684.
1942 2938 2121 2990 in-iol.
2261 2977 2264 2978 ν
2357 2973 2360 2974 ⁷

563 3002 625 3058 (2)
659 3000 845 3058 Luam,
881 3000 1050 3062 Saqqi
1082 3002 1137 3051 di
1173 2999 1371 3063 linqua
1401 3003 1620 3052 etrusca
1652 3017 1678 3053 e
1709 3003 1765 3053 di
1798 3002 1940 3053 altre
1974 3002 2192 3053 antiche
2226 3003 2408 3055 d'Ita·

503 3060 584 3112 tta
615 3075 719 3112 ecc.
757 3063 925 3111 Roma.
957 3065 1094 3121 1789,
1129 3067 1158 3113 3
1190 3064 1304 3114 vol.
1342 3064 1396 3113 in
1428 3065 1495 3114 8⁰.
1531 3089 1593 3099 -
1624 3064 1781 3127 Deqli
1818 3064 2094 3119 Etruschi,
2130 3066 2409 3117 Disserta-

501 3124 667 3173 zionc
709 3121 839 3173 dell'
854 3124 1011 3174 abate
1048 3125 1102 3174 G.
1140 3126 1195 3175 Β.
1234 3126 1517 3185 ΖΑΝΝΟΝΙ,
1553 3126 1780 3176 Firenze
1821 3130 1973 3186 1810,
2009 3127 2162 3177 in-8⁶.
2187 3152 2247 3161 -—
2277 3128 2402 3179 A.E.

502 3184 709 3243 Eccita,
744 3184 919 3236 Latini
954 3187 1225 3236 sermonis
1255 3188 1576 3238 vetustioris
1607 3188 1872 3249 reliquiae
1905 3189 2137 3239 selectae
2169 3192 2268 3239 etc.
2305 3190 2409 3239 Pa-

504 3247 653 3298 risiis
688 3250 825 3306 1843,
864 3247 998 3298 in-8⁰
1033 3248 1104 3306 (V.
1143 3248 1400 3304 Praefat..
1437 3261 1551 3311 pag.
1586 3251 1651 3300 xl
1687 3254 1741 3299 et
1773 3253 1906 3312 seq.)
1938 3251 2142 3311 aliique
2178 3251 2403 3314 passim.

566 3310 628 3367 (3)
663 3307 922 3365 GALVANI.
959 3321 1045 3373 op.
1080 3310 1192 3371 cit„
1227 3322 1343 3371 pag.
1380 3315 1441 3362 48
1474 3323 1502 3361 e
1536 3322 1674 3372 seg.,
1709 3315 1785 3362 98.

564 3371 628 3430 (4)
663 3370 763 3421 ille
795 3371 968 3430 rudiS,
991 3372 1086 3422 ille
1108 3373 1383 3433 pastorius
1407 3373 1639 3434 populus
1661 3384 1899 3435 vereque
1925 3377 2196 3425 terrester.
2215 3374 2406 3439 FLOR„

497 3431 674 3494 alma
707 3454 770 3471 —-
802 3432 879 3485 Cf.
915 3434 1210 3494 Pnoran‘r„
1247 3446 1322 3485 1v.
1359 3434 1407 3485 Ι.
1443 3462 1502 3470 -
1536 3439 1713 3497 SALL„
1750 3435 1927 3497 Catil„
1960 3438 2041 3488 vI.
