2673 4295
844 393 966 440 mc.
1011 392 1101 438 ιιι.
1142 408 1172 423 -
1211 392 1343 438 car.
1390 388 1493 437 vn.
2015 369 2128 433 137

220 498 496 555 materno
557 510 773 569 genere
834 492 1028 553 clarus
1090 491 1211 572 (1).
1269 491 1381 564 Qui
1422 497 1729 571 postquam
1775 490 1848 551 ad
1890 491 2133 555 altiores

220 573 475 634 militiae
516 573 733 649 gradus
776 580 1104 652 provectuS‚
1148 570 1439 650 stipendia
1483 570 1715 633 fecisset
1755 571 1817 631 in
1857 569 2123 642 Thracia,

218 650 287 712 in
330 651 663 714 Macedonia
708 659 768 713 et
806 650 1118 713 Germania
1149 652 1268 730 (2),
1298 649 1535 713 Tiberio
1563 651 1920 729 imperante,
1953 667 2134 728 quae·

216 731 399 793 storis
439 739 498 793 et
539 730 827 811 praetoris
870 749 1115 793 munere
1157 732 1395 792 functus
1437 736 1547 792 est.
1591 729 1849 791 Tandem
1890 746 2027 791 vero
2056 728 2131 791 ob

212 809 425 872 Seiani
466 811 808 872 amicitiam·
833 809 896 870 in
937 809 1331 890 suspicionem
1377 809 1806 871 coniurationis
1847 816 2085 871 vocatus
2111 858 2127 888 ,

213 888 714 969 quinquagesimo
757 891 942 951 ferme
983 890 1190 951 aetatis
1232 906 1389 951 anno
1431 897 1620 951 morte
1663 906 1882 970 poenas
1942 888 2128 951 dedit.

302 967 576 1030 Exaravit
616 969 897 1031 Historiae
949 989 1210 1031 romanae
1270 968 1455 1031 libros
1517 969 1608 1044 11,
1675 984 1930 1048 quorum
1993 986 2131 1048 pars

212 1048 495 1125 interiit,
563 1049 936 1127 maximeque
998 1049 1136 1111 libri
1200 1048 1378 1130 primi
1440 1047 1682 1110 initium
1737 1048 1856 1127 (3),
1900 1054 1959 1110 et
1998 1047 2134 1110 finis

212 1126 490 1189 secundi.
535 1126 709 1190 Liber
750 1128 915 1208 prior
955 1146 1050 1190 res
1092 1136 1282 1205 gestas
1325 1128 1649 1188 multarum
1696 1126 1960 1205 gentium
2000 1126 2135 1189 hre-

214 1205 374 1267 viter
415 1207 779 1286 perstringit,
824 1225 977 1286 quae
1005 1216 1142 1270 ante
1170 1208 1418 1270 Romam
1449 1207 1744 1270 conditam
1776 1208 2129 1283 floruerunt3

215 1286 519 1365 posterior
558 1286 869 1348 historiam
910 1304 1218 1348 romanam
1261 1288 1324 1348 in
1367 1287 1565 1366 priore
1626 1285 1964 1348 inchoatam
1995 1334 2011 1364 ,
2057 1285 2132 1347 ab

214 1364 388 1426 urbis
411 1364 648 1428 exordio
676 1365 1058 1446 prosequitur
1085 1386 1271 1446 usquc
1300 1366 1372 1427 ad
1404 1366 1620 1440 Liviae,
1650 1365 1871 1429 Tiberii
1900 1367 2131 1431 matriS.

217 1463 555 1507 excessum.

305 1522 602 1583 Laudatur
640 1522 924 1601 VelleiuS,
968 1524 1125 1604 quod
1167 1542 1262 1586 res
1303 1539 1579 1585 romanas
1632 1523 1720 1585 vel
1786 1523 1861 1585 ab
1922 1524 2132 1585 ultima

218 1602 576 1680 antiquitate
636 1610 949 1682 repetenS,
1017 1603 1177 1666 brevi
1237 1609 1294 1665 et
1347 1610 1546 1682 aperta
1592 1603 1933 1667 narratione
1975 1621 2131 1667 com·

218 1681 430 1763 plexus
471 1682 591 1759 sit3
636 1689 694 1745 et
735 1684 1054 1762 praecipue
1097 1684 1251 1762 quod
1295 1682 1603 1743 hominum
1668 1700 1861 1745 mores
1924 1692 1981 1745 et
2043 1683 2135 1744 in-

217 1762 398 1842 genia
439 1760 711 1824 sollerter
751 1761 898 1823 adeo
939 1762 1291 1842 depinxerit.
1338 1760 1459 1834 Qua
1502 1762 1565 1822 in
1608 1780 1673 1823 re
1714 1779 1834 1823 non
1885 1763 2133 1826 minoris

220 1846 317 1903 est
355 1838 591 1901 habitus
633 1859 811 1921 quam
855 1840 1193 1912 Sallustius,
1247 1841 1319 1903 ad
1380 1839 1550 1903 cuius
1615 1840 2005 1904 imitationem
2068 1861 2133 1904 se

218 1927 414 1982 totum
477 1928 911 1999 composuerat.
958 1921 1098 1981 Eius
1140 1920 1318 1982 dictio
1373 1920 1610 1998 elegans
1652 1928 1782 1997 est,
1836 1920 2033 1982 suavis
2075 1927 2136 1982 et

219 1999 401 2079 plane
441 2016 730 2073 romana3
774 2000 944 2060 stilus
1008 2008 1204 2061 tamen
1267 1999 1534 2061 floridior
1563 2048 1577 2074 ‚
1642 2000 1744 2078 qui
1791 1999 2133 2080 ,oratoriam

220 2078 421 2160 potius
463 2096 639 2158 quam
683 2078 1023 2140 historicam
1064 2097 1239 2159 saepe
1280 2079 1499 2141 reserat
1526 2079 1836 2141 rationem.
1869 2078 1956 2140 Ad
1987 2079 2135 2141 haec

220 2159 469 2220 festivae
541 2166 863 2237 acutaeque
933 2161 1259 2221 sententiae
1319 2159 1640 2221 studiosius
1701 2158 2130 2239 frequentatae.

222 2236 340 2301 Sed
383 2238 494 2300 hoc
537 2237 908 2318 potissimum
970 2238 1228 2301 Velleius
1288 2239 1785 2318 reprehenditur,
1852 2239 2008 2319 quod
2069 2240 2136 2300 in

222 2317 555 2397 posteriore
596 2317 795 2396 operis
835 2324 999 2397 parte
1039 2337 1102 2380 se
1143 2319 1216 2380 ad
1259 2318 1548 2380 humilem
1589 2317 1810 2381 Tiberii
1847 2327 1905 2382 et
1933 2317 2134 2382 Seiani

222 2395 645 2458 adulationem*
670 2397 973 2460 demiserit
1014 2397 1130 2478 (4).
1176 2397 1239 2460 Si
1281 2398 1441 2462 enim
1480 2399 1535 2460 ei
1563 2416 1697 2460 vera
1728 2399 1986 2461 scribere
2013 2416 2154 2461 non-

223 2473 464 2554 licehat‚
509 2475 657 2539 falsa
699 2483 857 2538 certe
897 2476 1370 2541 non-debuerat.

896 2607 1148 2767 Valeria}
1184 2607 1490 2767 Zau-mm,
1536 2779 1542 2784 .

306 2818 815 2892 Quemadmodum
857 2820 1136 2884 adulandi
1179 2821 1397 2898 studio,
1442 2820 1527 2883 sic
1554 2828 1744 2884 aetate
1772 2839 1881 2902 par
1910 2820 2135 2886 Velleio

289 2953 356 3013 (1)
387 2953 548 3011 vnn..
582 2953 839 3014 Punite„
878 2954 945 3015 11,
983 2957 1058 3004 16.

292 3016 356 3073 (2)
392 3014 548 3066 vsu.
584 3014 841 3073 Pirene..
877 3015 945 3077 11,
981 3018 1090 3074 101,
1128 3018 1233 3067 104.

292 3077 354 3135 (a)
389 3075 535 3128 Libri
569 3077 730 3139 primi
767 3075 1008 3135 initium,
1041 3076 1199 3137 quale
1250 3087 1395 3127 nunc
1442 3078 1653 3137 exstat,
1701 3077 1861 3128 nohis
1910 3076 2138 3128 exhibet

310 3137 515 3189 tiorum
548 3137 871 3198 exercitum,
903 3138 995 3201 qui
1029 3137 1206 3188 redux
1252 3137 1319 3188 ah
1368 3137 1584 3189 excidio
1631 3138 1846 3189 troiano
1867 3178 1879 3199 ,
1931 3150 2100 3200 quum
2120 3178 2135 3202 ,

224 3199 477 3252 disiectis
513 3202 830 3260 tempestate
863 3199 1117 3252 navibus,
1149 3198 1435 3270 Nestorem
1468 3198 1663 3251 ducem
1695 3201 1987 3262 amisisset,
2023 3199 2141 3251 Me·-

223 3262 516 3323 tapontum
550 3259 792 3313 condidit
824 3261 881 3312 in
914 3262 1040 3311 sinu
1072 3260 1382 3312 Tar-entiae.

295 3324 357 3380 (4)
392 3322 470 3372 De
503 3322 603 3373 hac
635 3321 866 3384 macula,
900 3331 1036 3384 quae
1080 3321 1136 3373 in
1172 3321 1360 3394 Veneti
1392 3323 1616 3375 nomine
1650 3321 1870 3381 insedit,
1906 3320 2033 3373 vide
2077 3321 2135 3376 C.

224 3382 612 3499 gmqmsffyffi
659 3383 718 3437 in
766 3383 1066 3436 comment.
1117 3386 1238 3434 crit.
1288 3382 1357 3434 de
1403 3382 1509 3436 fide
1555 3384 1747 3437 histor.
1802 3383 1933 3436 vell.
1985 3383 2138 3442 Pat..
