2673 4295
844 379 962 423 ue.
1007 379 1088 424 iv.
1133 343 1319 423 -capss
1347 357 1494 425 vm.
2019 366 2135 429 173

302 458 428 522 Etsi
469 478 501 520 a
545 457 899 539 quibusdam
950 477 1070 521 non
1133 461 1498 539 spernendae
1553 458 1865 524 latinitatis
1926 470 2134 526 auctor

219 538 446 601 dicitur
484 538 764 601 Aurelius
804 539 1025 615 Victor3
1071 558 1188 602 non
1220 559 1407 619 pauca
1439 546 1633 602 tamen
1665 542 1729 602 in
1758 540 1886 603 eius
1916 541 2134 606 libellis

219 626 572 695 occurrunt,
617 637 768 697 quae
809 619 1129 681 occidentis
1172 619 1389 683 latinae
1419 620 1656 698 linguae
1686 620 1825 681 vitia
1850 622 2129 701 produnt.

212 699 533 777 'Legendus
574 699 756 776 igitur
797 716 917 761 non
960 698 1165 779 utique
1208 710 1450 780 propter
1484 701 1770 763 orationis
1805 702 2134 765 castitatem

215 785 284 840 et
324 777 604 854 nitorem,
648 778 750 839 sed
792 786 1036 858 propter
1076 779 1339 842 veritatis
1381 780 1644 840 studium
1687 787 1745 843 et
1785 799 1987 843 rerum
2030 800 2137 843 no-

225 856 459 930 titiam,
488 859 666 938 quam
709 859 835 937 ipse
877 878 948 921 ex
989 858 1408 921 vetustioribus
1451 858 1619 921 libris
1652 860 1998 940 depromsit,
2031 863 2132 941 qui

225 955 390 999 nunc
430 938 887 1000 desiderantum

1105 1123 1238 1203 §4-

1014 1255 1340 1337 Eutropius.
1391 1317 1394 1318 a

304 1453 431 1529 Quo
459 1470 699 1531 genere,
732 1470 919 1532 quave
944 1459 1116 1530 gente
1147 1460 1312 1514 ortus
1342 1454 1419 1515 sit
1448 1453 1750 1535 Eutropius
1778 1454 2133 1532 ambigitur3

224 1534 330 1596 alii
392 1533 550 1596 enim
613 1531 756 1594 alibi
811 1538 1015 1593 natum
1059 1534 1279 1595 ferunt.
1324 1531 1450 1594 Hoc
1492 1540 1690 1595 tamen
1733 1534 1890 1596 inter
1931 1552 2137 1597 omnes

225 1627 497 1677 constare
537 1612 741 1686 videO,
773 1611 956 1674 fuisse
1021 1612 1278 1691 primum
1342 1613 1725 1675 Constantino
1786 1614 1995 1691 Magno
2059 1613 2133 1675 ab

223 1692 505 1772 epistolis,
552 1691 764 1753 deinde
806 1709 923 1752 una
965 1712 1101 1754 cum
1140 1693 1502 1772 imperatore
1563 1691 1795 1758 Iuliano
1857 1694 2136 1756 adversus

222 1773 433 1844 Persas
475 1789 766 1852 pugnasse
836 1770 923 1849 1).

196 1889 199 1892 π
305 1851 553 1931 Scripsit
600 1849 766 1913 iussu
875 1851 1087 1913 aientis
1145 1851 1399 1929 Augusti
1427 1907 1429 1910 .
1460 1851 1815 1915 Breviarium
1878 1852 2139 1915 historiae

162 1964 167 1967 ’
222 1952 526 2002 romanae,
583 1931 784 1993 decem
827 1930 996 1992 libris
1037 1930 1400 2002 distinctum,
1450 1950 1565 2010 quo
1608 1950 1703 1995 res
1744 1950 2021 1995 romanas
2063 1932 2135 1993 ab

224 2012 376 2074 urbe
416 2010 652 2073 condita
690 2010 765 2089 ad
809 2009 1070 2073 Valentis
1112 2010 1432 2091 imperium
1476 2011 1556 2073 ita
1598 2019 1687 2073 est
1742 2021 2091 2091 persecutus
2117 2060 2132 2088 ,

228 2099 293 2156 nt
332 2098 560 2156 servato
604 2099 936 2170 temporum
978 2090 1217 2167 ordine,
1252 2109 1405 2172 quae
1444 2092 1509 2153 in
1553 2109 1695 2172 pace
1737 2098 1841 2154 aut
1881 2092 1945 2154 in
1981 2091 2136 2154 bello

224 2171 598 2254 potissimum
640 2171 992 2248 eminerent,
1037 2189 1215 2252 quam
1257 2173 1389 2235 fieri
1433 2171 1625 2252 potuit
1678 2171 2023 2235 brevissime
2079 2181 2137 2236 et

226 2252 480 2315 fideliter
519 2250 844 2328 colligeret.
890 2249 1012 2314 Hoc
1054 2261 1251 2315 autem
1288 2253 1530 2314 nomine
1560 2252 1866 2332 permagni
1897 2253 2136 2314 habitus

168 2402 171 2405 ,
226 2339 315 2396 est
356 2337 595 2406 noster3
641 2338 705 2393 et
739 2349 971 2408 graece,
1016 2332 1230 2401 italice,
1279 2332 1514 2410 gallice,
1546 2333 1906 2410 germanice,
1939 2333 2139 2412 hispa-

225 2413 358 2490 nice
401 2418 459 2474 et
499 2410 827 2474 britannice
869 2411 1157 2488 redditus,
1202 2412 1291 2474 vel
1334 2411 1409 2473 ab
1452 2412 1883 2491 antiquissimis
1913 2420 2139 2490 tempo-

223 2492 395 2555 ribus
434 2490 498 2552 in
540 2490 815 2554 manibus
855 2491 1165 2552 hominum
1210 2491 1463 2552 multum
1508 2491 1643 2551 fuit.
1689 2490 1801 2553 Sed
1846 2509 1960 2570 qua
2006 2490 2138 2553 bre-

225 2573 405 2634 vitate
447 2570 796 2652 praesertim
838 2571 1289 2634 commendatur
1329 2570 1688 2649 Eutropius,
1733 2569 1912 2631 haec*
1931 2570 2135 2632 eadem

228 2652 323 2714 illi
365 2651 512 2715 adeo
553 2667 766 2713 nocere
807 2649 929 2712 visa
973 2659 1083 2726 est,
1115 2658 1182 2711 ut
1211 2651 1537 2712 multorum
1579 2647 2138 2728 interpolationibus

229 2731 569 2795 foedaretur
609 2730 727 2812 (2).
774 2729 939 2792 illius
980 2730 1152 2792 stilus
1196 2729 1386 2792 facilis
1416 2737 1525 2807 est,
1559 2730 1925 2810 perspicuus
1962 2747 2138 2810 aper-

224 2916 294 2968 ab
330 2916 659 2978 imperatore
692 2916 932 2976 Augusto
983 2915 1053 2966 ad
1101 2924 1390 2968 excessum
1438 2913 1752 2965 Theodosii.
1808 2913 1914 2966 Sed
1965 2915 2140 2967 critici

225 2978 570 3040 confirmant,
592 2978 732 3029 hanc
754 2978 820 3029 ad
839 2977 1010 3029 alium
1033 2978 1355 3038 scriptorem
1372 2978 1647 3040 pertinere
1668 2975 1906 3028 incertae
1927 2978 2138 3037 aetatiS,

226 3044 282 3091 et
312 3040 546 3114 fortasse
581 3040 648 3092 ad
684 3039 1078 3091 Aurelium
1128 3039 1542 3102 Victorem,
1577 3049 1741 3101 quem
1771 3043 2140 3100 cognomento

226 3101 1006 3226 m(¹1)n'ssz¹sgnliilc1{i'i?eil)li}¹sl.t'de
1039 3162 1154 3214 vita
1184 3165 1237 3214 et
1270 3161 1457 3226 script.
1491 3162 1742 3227 Eutropii
1776 3163 1834 3215 in
1866 3161 1999 3214 edit.
2033 3160 2150 3213 Eu·'

226 3227 371 3345 mg}
390 3286 671 3351 praecipui
705 3287 874 3340 Eutro
914 3286 953 3339 ii
985 3285 1407 3347 interpolatores
1438 3287 1605 3350 vulgo
1637 3285 1889 3338 feruntur
1919 3285 2139 3347 Paulus,

224 3347 555 3400 warnefridi
590 3349 760 3411 filim,
795 3353 849 3402 et
922 3348 1234 3411 andulphus
1269 3350 1464 3412 sagax,
1500 3357 1733 3415 quorum
1775 3358 1942 3412 opera
1983 3358 2144 3412 prae-

227 3411 423 3463 sertim
457 3412 672 3465 exstitit
704 3411 1062 3466 Historia
1093 3412 1477 3465 miscella.
