2673 4295
2070 340 2106 402 9

186 446 529 505 mauiorum
559 444 892 505 litterarum
933 442 1336 504 institutiones
1366 443 1430 501 in
1453 443 1823 504 Athenaeum
1870 438 2107 502 tandem

187 523 438 590 suerunt
457 529 783 585 revocatae.
813 521 887 583 Et
914 522 1108 601 primo
1138 521 1376 600 quidem
1405 520 1739 584 Bernardus
1769 520 1971 595 Lama,
2005 539 2112 582 ne-

190 601 552 682 apolitanuS,
585 601 760 663 homo
782 619 924 663 sane
965 601 1027 662 in
1057 601 1284 678 graecis
1326 608 1385 662 et
1413 599 1613 662 latinis
1644 599 1858 662 litteris
1899 599 2116 679 proba·

189 690 286 742 tus
318 689 375 742 et
403 680 780 760 nobiliss(1);
814 697 949 741 mox
977 679 1318 743 Dominicus
1347 679 1735 758 Regolottius‚
1780 697 2063 741 romanus
2090 702 2107 758 ;

192 768 318 822 tum
344 759 738 840 Hieronymus
765 759 1210 822 Taliazucchius
1226 767 1291 821 et
1310 758 1594 838 Iosephus
1622 758 1917 834 BartoluS,
1946 758 2113 837 prior

192 840 435 918 quidem
462 839 710 910 Mutina,
741 839 893 902 alter
933 856 1072 901 vero
1101 839 1340 900 Patavio
1370 839 1614 900 suerunt
1654 838 1849 908 acciti,
1895 836 2111 916 quibus

191 919 570 998 eloquentiae
615 919 933 980 tradendae
977 936 1195 980 munus
1245 918 1710 997 permitteretur.
1762 917 1922 989 Inter
2005 935 2115 980 uos

190 998 640 1060 Taliazucchius
690 997 1042 1088 praesertim
1087 1004 1144 1059 et
1185 997 1459 1059 Bartolus
1515 998 1748 1074 egregie
1790 996 1862 1060 de
1904 996 1983 1060 Su
2029 997 2116 1057 al-

193 1078 473 1157 pinorum
525 1078 736 1138 studiis
799 1077 995 1139 meriti
1038 1084 1200 1138 sunt.
1243 1075 1511 1155 Namque
1558 1075 1906 1138 Mutinensis
1948 1076 2113 1137 itali⁴

195 1175 403 1218 carum
468 1156 801 1219 litterarum
852 1156 1077 1218 cultum
1121 1155 1352 1236 primus
1394 1156 1660 1235 impense
1719 1155 1903 1233 fovit,
1959 1174 2116 1235 quae

192 1244 367 1298 antea
412 1236 890 1313 negligerentur3
956 1243 1135 1314 atque
1177 1234 1417 1315 optimis
1460 1235 1778 1315 propositis
1819 1235 2117 1316 exempla-

196 1315 390 1393 ribuS,
435 1323 773 1376 nostrorum
818 1334 991 1376 aures
1032 1314 1218 1376 italici
1247 1314 1538 1377 sermonis
1579 1315 1873 1376 venustati
1915 1333 2120 1378 assue-

194 1396 360 1457 tecit.
408 1395 723 1456 Patavinus
765 1402 964 1457 autem
992 1441 1008 1471 ,
1052 1394 1266 1456 eximia
1330 1394 1666 1456 eruditione
1727 1394 2069 1474 praeclarus
2095 1442 2112 1472 ,

196 1474 310 1537 hoc
339 1476 402 1535 in
433 1475 640 1554 primis
670 1481 759 1536 est
800 1472 1152 1551 laudanduS,
1198 1474 1356 1552 quod
1383 1473 1736 1550 disciplinae
1779 1473 2113 1537 litterarum

197 1555 520 1634 ampliores
543 1571 718 1631 quam
749 1561 921 1615 antea
952 1553 1100 1615 fines
1127 1572 1254 1615 esse
1284 1552 1490 1614 voluit.
1523 1551 1831 1632 Siquidem
1861 1553 2001 1630 duo,
2027 1553 2115 1615 uti

198 1652 392 1713 nuper
425 1632 678 1708 aiebam,
711 1633 954 1694 suerunt
975 1651 1042 1694 ea
1074 1639 1417 1712 tempestate
1446 1632 1819 1723 eloquentiae
1847 1632 2117 1695 doctores

198 1713 259 1774 in
321 1712 676 1778 Taurinensi
717 1711 1066 1788 Academia,
1130 1728 1278 1791 quos
1333 1711 1583 1773 studiosi
1633 1730 1739 1791 per
1790 1711 2113 1774 triennium

199 1792 499 1854 audirent.
543 1791 628 1851 Ad
679 1790 978 1853 doctorem
1035 1791 1137 1870 qui
1187 1791 1433 1856 latinam
1491 1789 1892 1869 eloquentiam
1938 1793 2116 1871 profi-

199 1879 450 1948 teretur,
497 1869 828 1949 pertinebat
878 1887 1052 1947 agere
1095 1869 1415 1949 quotannis
1456 1870 1529 1932 de
1577 1870 1837 1932 oratoria
1878 1870 2117 1931 institu-

197 1953 387 2021 tione,
433 1949 685 2030 optimos
728 1949 1047 2028 scriptores
1087 1949 1305 2010 latinos
1346 1948 1700 2028 expendere,
1746 1956 1928 2029 atque
1966 1949 2128 2012 alios

200 2031 337 2093 aliis
379 2046 759 2109 componere.
812 2027 978 2093 Illius
1022 2045 1196 2106 vere,
1243 2027 1347 2107 qui
1394 2027 1655 2090 italicam
1714 2029 2116 2108 eloquentiam

200 2110 508 2186 traderet,
553 2110 939 2189 praecipuum
984 2126 1200 2171 munus
1242 2108 1358 2169 suit
1406 2107 1696 2188 poeticam
1739 2108 2116 2189 AristoteliS,

197 2206 444 2269 graecos
483 2189 775 2269 italosque
802 2188 1120 2268 scriptores
1161 2187 1567 2268 interpretari.
1600 2187 1888 2259 Bartolus,
1938 2208 2116 2269 quem

198 2287 323 2332 non
364 2269 598 2343 lateret,
644 2275 932 2347 quantum
976 2267 1333 2330 incommodi
1365 2287 1436 2330 ex
1478 2267 1589 2331 hac
1638 2268 1973 2343 studiorum
2016 2286 2119 2330 ra-

201 2352 366 2412 tione
409 2347 883 2429 proficisceretur
909 2394 924 2422 ‚
970 2347 1228 2410 ostendit
1273 2346 1404 2428 (2),
1451 2348 1604 2410 male
1648 2349 1743 2426 agi
1806 2367 1940 2410 cum
1999 2348 2123 2411 elo-

202 2427 482 2509 quentiae
543 2427 836 2504 alumniS,
894 2426 996 2505 qui
1060 2428 1239 2488 trium
1295 2441 1588 2489 annorum
1658 2427 1851 2507 spatio
1912 2426 2119 2489 eadem

202 2526 440 2589 semper
485 2506 860 2569 docerentur.
912 2505 1031 2569 Cur
1092 2514 1328 2584 autem,
1374 2506 1601 2583 aiebat,
1653 2525 1721 2568 ex
1755 2504 2118 2588 ,politiorum

203 2588 539 2667 litterarum
596 2585 1070 2648 institutionibus
1124 2586 1383 2665 expungi
1425 2593 1613 2647 artem
1666 2586 1935 2647 criticam
1962 2634 1978 2663 ,
2023 2605 2123 2649 ve·

204 2668 347 2732 teris
388 2675 449 2729 et
511 2664 857 2729 recentioris
918 2664 1042 2727 aevi
1101 2664 1408 2727 historiam
1437 2714 1452 2741 ‚
1506 2673 1632 2728 tum
1681 2664 1941 2736 civilem,
1991 2672 2119 2729 tum

202 2746 583 2822 litterariam,
625 2744 1065 2825 inscriptioneS,
1113 2745 1491 2820 nomismata,
1538 2744 1773 2824 aliaque
1800 2745 1862 2806 id
1904 2763 2117 2823 genus,

205 2845 360 2906 quae
405 2834 578 2907 turpe
619 2824 695 2886 sit
734 2823 927 2886 virum
969 2823 1278 2901 ignorare,
1324 2824 1427 2904 qui
1469 2823 1802 2887 litterarum
1854 2826 2123 2887 curricu-b

203 2904 330 2968 lum
361 2905 440 2968 sit
481 2904 796 2967 emensus?
822 2903 1195 2983 Quapropter
1236 2904 1323 2966 rei
1355 2903 1680 2966 litterariae
1716 2904 2121 2968 moderatores

202 2986 379 3049 enixe
422 2983 800 3059 hortabatur,
844 2991 938 3054 ut,
986 2982 1296 3062 disciplina
1354 2984 1702 3061 immutata,
1744 2984 2119 3064 eloquentiae

202 3064 491 3129 studiosis
532 3062 898 3125 commodius
940 3062 1340 3124 consulerent.

265 3236 332 3294 (1)
355 3232 412 3284 V.
448 3230 709 3283 Bernardi
725 3230 971 3303 Andreae
1004 3230 1215 3302 immae,
1241 3230 1597 3302 neapolitani,
1620 3225 1966 3295 eloquentiae
1981 3241 2121 3344 fro-

198 3296 434 3347 ressoris
458 3296 514 3344 in
538 3292 829 3343 Academia
861 3294 1203 3353 Taurinensl,
1229 3291 1515 3345 Orationes
1548 3295 1802 3352 (novem).
1825 3293 1957 3355 Aug.
2023 3304 2126 3345 au·

199 3359 484 3415 tinorum,
524 3357 661 3415 1728,
697 3355 755 3405 in
785 3355 834 3404 8⁰
907 3354 1003 3405 icc.
1054 3365 1055 3368 ¹
1670 3355 1676 3361 “

267 3423 332 3481 (2)
368 3416 562 3470 Storia
595 3418 682 3469 cit.
719 3415 831 3466 vol.
867 3366 967 3478 fn,
1002 3425 1118 3478 cap.
1153 3418 1198 3477 6,
1237 3426 1355 3477 pag.
1397 3420 1485 3467 198
1518 3430 1546 3468 e
1582 3427 1690 3477 seg.
