2673 4295
136 831 198 868 W&
209 800 271 866 (λλ
282 776 317 859 x!
336 804 373 858 {1¹
386 823 478 875 <²³¹4

483 419 560 481 84
1140 432 1454 479 rusiorum
1496 431 1767 476 crurium

482 515 633 578 sime
678 521 926 577 testatur
965 513 1196 576 Tullius
1235 515 1297 575 in
1342 512 1524 574 Bruto
1553 512 1671 592 (1):
1705 510 1898 573 Etiam
1944 513 2416 576 commentarios

480 595 798 675 quosdam,
845 594 929 655 ait
971 593 1097 670 ille,
1141 593 1380 671 scripsit
1407 593 1622 657 Caesar
1659 610 1864 654 rerum
1908 610 2189 670 suarum,
2235 594 2414 658 valde

481 675 725 756 quidem
778 672 1137 753 probandos.
1195 670 1351 734 Nudi
1395 680 1567 749 sunt,
1627 672 1775 734 recti
1818 680 1875 734 et
1926 672 2193 748 venusti,
2239 675 2414 736 omni

480 762 697 818 ornatu
729 752 1039 827 orationis,
1088 760 1394 832 tamquam
1420 760 1603 830 veste,
1649 752 1938 816 detracto.
1978 751 2091 814 Sed
2135 752 2278 813 dum
2311 771 2415 816 vo·-

479 834 596 896 luit
651 834 801 895 alios
855 833 1073 895 habere
1124 838 1369 919 EQ,
1428 833 1583 895 unde
1639 838 1978 908 sumerent,
2031 832 2138 915 qui
2184 830 2412 895 vellent

479 913 742 976 scribere
791 911 1100 973 historiam
1131 961 1147 988 ,
1200 911 1419 992 ineptis
1468 921 1702 989 gratum
1761 911 2008 972 sortasse
2058 911 2238 985 fecit,
2298 912 2409 993 qui

478 993 679 1056 volent
718 991 823 1052 illa
866 992 1221 1053 calamistris
1251 992 1513 1065 inurere3
1559 1009 1736 1054 sanos
1777 989 2017 1070 quidem
2062 990 2335 1054 homines
2366 1011 2405 1053 a

477 1070 791 1137 scribendo
841 1070 1154 1133 deterruit.
1199 1071 1362 1133 Nihil
1410 1071 1572 1133 enim
1616 1080 1703 1134 est
1745 1071 1806 1130 in
1854 1068 2100 1132 historia
2151 1088 2301 1149 pura
2343 1079 2410 1134 et

478 1151 701 1215 illustri
736 1149 1018 1213 brevitate
1061 1151 1318 1213 dulcius,
1352 1149 1431 1211 De
1474 1149 1683 1213 iisdem
1728 1148 1959 1212 Hirtius
1986 1150 2082 1229 (2)
2111 1148 2190 1210 itu
2224 1168 2409 1230 prae-

476 1231 666 1297 dicat:
697 1229 859 1292 Adeo
890 1229 1219 1310 probantur
1246 1230 1514 1292 omnium
1545 1229 1791 1306 iudicio,
1837 1238 1904 1291 ut
1933 1238 2247 1309 praerepta
2279 1247 2412 1292 non

480 1309 747 1392 praebita
794 1310 1045 1371 facultas
1088 1309 1478 1390 ‘scriptoribus
1520 1309 1811 1372 videatur.
1858 1309 2041 1373 Cuius
2083 1310 2281 1371 tamen
2313 1310 2407 1373 rei

479 1391 673 1452 maior
713 1397 948 1465 nostra,
994 1408 1172 1470 quam
1231 1390 1599 1468 reliquorum
1643 1396 1732 1452 est
1779 1389 2120 1451 admiratio.
2165 1389 2407 1453 Caeteri

478 1471 642 1534 enim
685 1487 863 1549 quam
913 1469 1059 1531 bene
1100 1477 1279 1549 atque
1321 1468 1653 1545 emendate,
1705 1486 1814 1531 nos
1854 1469 2059 1539 etiam,
2105 1487 2284 1548 quam
2316 1471 2411 1531 sa-

478 1550 595 1613 cile
647 1557 825 1629 atque
873 1549 1148 1611 celeriter
1200 1566 1303 1612 eos
1365 1546 1812 1628 perscripserit,
1871 1548 2113 1611 scimus.
2176 1547 2409 1621 Quibus

477 1628 676 1692 verbis
718 1629 906 1690 voluit
949 1627 1176 1692 Hirtius
1216 1628 1576 1707 significare,
1628 1627 2013 1708 politissimos
2057 1629 2407 1692 huiusmodi

462 1708 940 1771 ‘commentarios
980 1727 1012 1769 a
1045 1708 1291 1770 Caesare
1319 1707 1656 1769 innumeris
1683 1709 1843 1769 curis
1884 1707 2189 1786 distracto,
2223 1708 2406 1788 atque

478 1788 638 1850 inter
679 1788 969 1851 bellorum
1018 1788 1321 1858 tumultuS,
1372 1787 1661 1849 subitaria
1703 1786 2028 1867 scriptione
2071 1787 2136 1848 in
2180 1788 2409 1850 milita·

478 1867 648 1932 ribus
692 1867 963 1931 tentoriis
1004 1867 1207 1930 fuisse
1232 1875 1527 1941 exaratoS.

484 1992 485 1995 η
560 1947 1069 2020 Quemadmodum
1111 1964 1250 2009 vero
1292 1946 1427 2008 iure
1472 1948 1806 2027 meritoque
1843 1944 1920 2007 ob
1967 1947 2401 2009 sententiarum

478 2027 826 2106 gravitatem
869 2033 928 2088 et
955 2025 1351 2089 castissimum
1397 2044 1732 2089 sermonem
1766 2025 2088 2087 laudantur
2131 2026 2405 2090 Caesaris

481 2105 929 2183 commentarii3
975 2105 1056 2168 ita
1082 2106 1158 2167 ad
1204 2124 1298 2169 res
1325 2114 1597 2169 narratas
1626 2107 1778 2187 quod
1824 2106 2056 2177 attinet,
2103 2105 2178 2167 ob
2215 2125 2409 2185 quan-

480 2186 617 2248 dam
663 2186 1083 2263 negligentiam
1140 2186 1482 2266 culpantur.
1525 2186 1596 2247 Et
1637 2185 1880 2248 Asinius
1927 2187 2167 2265 quidem
2210 2188 2408 2251 Ponto

461 2264 638 2346 :apud
682 2264 1025 2329 Svetonium
1069 2265 1164 2345 (3)
1194 2285 1406 2346 parum
1449 2266 1766 2344 diligenter
1808 2285 2138 2346 parumque
2171 2266 2404 2345 integra

462 2346 730 2407 ·veritate
779 2344 1137 2423 compositos
1187 2353 1390 2426 putat,
1457 2364 1640 2425 quum
1700 2347 1915 2409 Caesar
1964 2345 2289 2425 pleraque,
2344 2356 2407 2410 et

461 2444 639 2506 =quae
681 2437 795 2505 per·
830 2424 979 2486 alios
1019 2432 1191 2486 erant
1236 2432 1436 2503 gesta,
1481 2432 1704 2488 temere
1753 2425 2100 2502 crediderit,
2147 2433 2204 2487 et
2248 2444 2404 2504 quae

481 2524 590 2587 per
615 2523 703 2580 se,
748 2504 837 2567 vel
867 2504 1135 2566 consulto
1177 2505 1268 2566 vel
1301 2506 1480 2567 etiam
1526 2505 1810 2567 memoria
1843 2505 2043 2584 lapsus
2085 2524 2191 2584 per
2236 2524 2402 2568 eram

481 2584 763 2647 ediderit:
790 2583 1200 2664 existimatque
1226 2583 1653 2664 rescripturum
1679 2592 1737 2646 et
1758 2593 2164 2646 correcturum
2216 2584 2400 2648 uisse.

482 2663 597 2728 Sed
644 2682 797 2755 quae
829 2663 1020 2725 critici
1064 2663 1280 2744 passim
1324 2672 1630 2740 notarunt,
1662 2672 1997 2743 suspectam
2041 2664 2279 2743 quid-em
2315 2665 2408 2726 hi-

483 2742 689 2805 storici
731 2743 907 2805 fidem
951 2742 1210 2818 faciunt3
1253 2750 1314 2802 at
1356 2744 1663 2833 scriptoris
1712 2743 1945 2806 laudem
2000 2744 2062 2803 in
2105 2744 2204 2820 iis,
2249 2762 2404 2824 quae

407 2840 414 2847 ’
485 2823 557 2884 ad
602 2822 889 2884 orationis
930 2822 1282 2899 elegantiam
1342 2830 1667 2902 pertinent,
1716 2822 1868 2885 nihil
1917 2822 2154 2903 penitus
2202 2824 2408 2886 immi-

466 2907 703 2966 nuunt.
747 2901 1023 2976 Qualibet
1048 2918 1186 2963 vero
1227 2908 1419 2963 aetate
1446 2900 1635 2963 Iulius
1675 2902 1890 2965 Caesar
1918 2901 2146 2988 ingen-ii
2187 2904 2408 2965 ani-mi·

503 3181 513 3199 ·
550 3098 615 3218 iii
649 3094 1062 3218 iffirffllimi
1086 3155 1210 3218 vni,
1245 3155 1323 3208 ne
1356 3155 1503 3207 beno
1525 3156 1671 3218 gam
1709 3156 1788 3210 ct.
1814 3157 1936 3209 inm
1981 3135 2143 3226 qne
2166 3157 2406 3210 caesare

486 3230 676 3273 rerum
699 3230 735 3269 a·
750 3229 809 3268 se
832 3220 1106 3278 gestarum
1129 3219 1398 3281 scriptore
1429 3218 1561 3270 diss.
1588 3220 1824 3279 Bourges
1848 3223 1901 3269 et
1961 3283 1962 3286 Ἴ
2104 3223 2243 3284 1845.
2271 3221 2402 3273 iure.

487 3283 732 3343 uuum„
766 3278 912 3351 Ora-t.
946 3280 1014 3329 de
1037 3281 1127 3330 via
1158 3291 1219 3330 ac
1252 3284 1354 3331 rat.
1377 3281 1626 3355 tradend.
1663 3281 1877 3341 discipl.
1907 3279 2018 3332 Vol.
2053 3282 2123 3355 xi,
2159 3287 2295 3333 orat.
2321 3286 2403 3335 21.

489 3343 920 3477 ηᾶἒὶχιιῖἓῗότῗὲἓῖ
947 3340 1384 3475 ἕῖἐὲιιὶἶξῖὲεᾞξ
1402 3342 1956 3477 ,ῑῗιέἶῖοΨῖἰοιῖἕιὲ
1978 3344 2412 3459 ὗῖῃὶῖᾱῖὃὲῗῧῧῖ

491 3470 742 3520 ctoritate
777 3465 988 3518 Comm.
1023 3469 1289 3519 Caesaris.
1326 3466 1590 3528 Friburg„
1627 3469 1767 3528 1833,
1805 3470 1953 3520 inut'.
2401 3489 2406 3496 ·

2569 3381 2580 3476 ᾼ-.μ
2581 3341 2582 3362 ᾼ

2571 3493 2578 3552 J
