2673 4295
199 2541 403 2647 Πῖίω

527 391 566 453 6

524 487 890 552 Taurinense
931 489 1300 551 Athenaeum
1344 488 1687 569 aperuisset,
1738 495 1915 568 atque
1956 487 2237 549 adhibitis
2280 494 2441 550 exte-

527 569 610 630 ris
651 569 990 635 doctoribus
1052 569 1240 646 gentis
1292 586 1485 631 mores
1549 568 1819 632 emollire
1869 576 2022 631 esset
2084 584 2391 646 aggressus
2418 617 2437 645 ,

526 648 742 710 litteris
784 649 962 711 etiam
995 648 1369 729 politioribus
1412 646 1716 740 palaestra·
1737 647 1949 728 patuit,
1996 666 2028 707 a
2072 668 2211 728 qua,
2258 647 2441 710 veluti

527 746 562 788 a
604 728 788 802 fonte,
833 727 1221 789 humanitatis
1250 729 1429 789 rivuli
1472 726 1535 788 in
1564 745 1769 790 omnes
1809 727 2155 806 subalpinae
2196 726 2442 790 ditionis

528 816 726 886 partes
769 815 1101 870 manarent.
1147 808 1222 868 At
1264 807 1760 886 quemadmodum
1792 807 1923 869 fieri
1964 808 2290 881 consuevit,
2334 824 2444 868 no·

524 886 634 948 stri
676 887 948 958 homines
990 887 1405 966 propulsandis
1448 887 1585 948 belli
1632 886 1913 967 periculis
1961 886 2137 948 unice
2180 886 2439 964 intenti,

526 965 807 1030 militaria
838 967 1031 1028 studia
1063 985 1240 1045 quam
1286 966 1713 1029 mansuetiores
1742 974 1897 1028 artes
1926 965 2245 1028 malebant.
2278 966 2440 1038 Qua-

527 1053 770 1125 propter
795 1046 1041 1108 ssetiamsi
1073 1048 1228 1108 circa
1271 1047 1375 1107 illa
1408 1053 1689 1126 tempora,
1739 1055 1841 1106 aut
1868 1046 2070 1126 paullo
2111 1046 2441 1126 posteriore

526 1125 814 1187 memoria
842 1125 1118 1187 nonnulli
1150 1126 1303 1206 apud
1349 1143 1457 1187 nos
1486 1133 1981 1188 enumerarentur
2027 1125 2244 1187 litteris
2272 1144 2444 1203 grae-

526 1204 612 1265 cis
654 1205 815 1266 iuxta
859 1224 928 1266 ac
970 1205 1169 1266 latinis
1211 1205 1430 1267 eruditi
1473 1206 1591 1283 (1);
1636 1212 1897 1267 attamen
1929 1204 1989 1264 hi
2034 1205 2207 1284 pauci
2235 1206 2443 1267 admo-

525 1283 670 1344 dum
712 1284 991 1351 suerunt,
1036 1303 1229 1363 neque
1270 1285 1607 1346 litterarum
1651 1285 1846 1347 cultus
1889 1291 2007 1345 tam
2057 1284 2173 1346 late
2218 1284 2437 1364 patuit,

528 1369 596 1422 ut
635 1362 839 1427 civitas
893 1383 924 1424 a
976 1363 1234 1427 bellandi
1290 1363 1503 1426 studiis
1544 1364 1617 1425 ad
1675 1362 2068 1426 urbanitatem
2122 1365 2441 1443 quamdam

526 1441 830 1504 videretur
872 1444 1163 1509 traducta.

607 1521 1075 1602 Iurisprudentia
1134 1523 1507 1604 postmodum
1558 1541 1699 1603 prae
1762 1522 2011 1583 caeteris
2057 1522 2343 1584 doctrinis
2405 1542 2441 1585 a

526 1603 745 1664 nostris
785 1602 970 1664 excoli
1015 1611 1219 1683 coepta
1261 1609 1376 1677 est,
1427 1620 1541 1682 qua
1584 1601 1868 1662 nimirum
1913 1602 1985 1662 ad
2039 1601 2295 1664 honores
2339 1619 2444 1682 po-

528 1680 826 1743 tissimum
879 1683 1234 1744 niterentur.
1280 1681 1484 1760 Itaque
1528 1681 1778 1741 maxima
1830 1682 1994 1761 copia
2052 1682 2202 1742 iuris
2256 1681 2444 1744 inter-

526 1768 763 1851 pretum
806 1761 962 1841 apud
1012 1761 1370 1841 Subalpinos
1412 1760 1703 1840 provenit,
1762 1760 1863 1839 qui
1906 1760 2132 1845 ingenii
2190 1764 2441 1824 acumen

526 1859 592 1900 111
621 1841 877 1903 aliorum
917 1841 1227 1903 sententiis
1253 1839 1636 1920 dispiciendis
1677 1846 2062 1903 ostentarent.
2094 1840 2168 1900 At
2210 1842 2270 1903 in
2300 1841 2442 1902 illo-

527 1936 663 1982 rum
720 1920 1000 2001 operibus
1051 1919 1341 1982 orationis
1390 1921 1550 1982 nitor
1608 1919 2092 1994 desiderabatur3
2139 1921 2313 2000 plane
2375 1930 2443 1982 ut

527 2000 902 2079 eloquentiae
943 2001 1136 2063 studia
1166 2001 1559 2063 conticescere
1601 1999 1755 2080 apud
1800 2016 1906 2060 nos
1936 1999 2299 2062 viderentur.
2324 1999 2444 2064 Ne-

527 2097 644 2159 que
685 2080 744 2140 id
788 2081 961 2142 aliter
991 2079 1121 2142 fieri
1163 2088 1415 2162 poterat.
1462 2078 1589 2151 Quo
1618 2079 1775 2141 enim
1820 2087 1991 2159 pacto
2029 2081 2100 2141 ad
2144 2080 2440 2142 excultam

528 2159 882 2238 elegantiam
927 2160 1314 2238 adsurgerent
1358 2161 1610 2221 maiores
1651 2159 1884 2221 nostri‘?
1926 2158 2087 2221 Unus
2131 2160 2439 2238 videlicet,

526 2237 805 2319 idemque
847 2240 1033 2318 ignoti
1076 2258 1251 2319 saepe
1299 2237 1559 2299 nominis
1602 2237 1840 2314 doctor,
1885 2258 2159 2317 graeca3‚
2227 2240 2443 2302 latinas

526 2325 704 2398 atque
746 2319 978 2380 italicas
1020 2317 1247 2381 litteras
1289 2318 1352 2377 in
1391 2317 1745 2380 Taurinensi
1774 2318 2262 2399 Archigymnasio
2305 2338 2443 2399 pro-

526 2396 838 2469 fitebatur,
885 2398 946 2458 in
989 2397 1160 2460 cuius
1201 2397 1578 2478 disciplinam
1623 2399 1904 2478 perpauci
1946 2400 2188 2462 omnino
2232 2410 2443 2462 conve-

526 2475 748 2539 nirent.
803 2477 997 2551 Quum
1048 2495 1186 2540 vero
1231 2478 1384 2538 alter
1439 2484 1663 2556 postea,
1708 2477 2039 2540 labentibus
2094 2477 2289 2550 annis,
2334 2497 2439 2540 ac-

527 2557 832 2635 cessisset,
876 2557 956 2618 ita
1000 2555 1340 2620 docentium
1384 2557 1544 2644 figes„
1582 2558 1824 2620 fuerunt
1866 2557 2086 2619 divisae
2113 2607 2128 2633 ,
2175 2566 2241 2618 ut
2282 2575 2441 2621 unus

528 2645 818 2714 oratoreS‚
863 2643 1064 2717 poetas
1107 2637 1257 2700 alter
1339 2636 1614 2699 uotannis
1656 2638 1811 2700 inter
1856 2646 2171 2699 retaretur.

607 2714 690 2777 Ita
734 2735 798 2777 se
853 2715 1150 2780 habebant
1201 2716 1265 2777 in
1353 2715 1648 2796 ubalpinis
1701 2726 1794 2779 stu
1840 2718 1893 2778 ia
1939 2717 2325 2779 humanitatis
2381 2726 2442 2780 et

527 2793 864 2857 litterarum
925 2795 1163 2858 saeculo
1202 2813 1335 2870 XVI,
1393 2814 1574 2875 quum
1621 2795 1968 2858 Emmanuel
2031 2797 2386 2860 philibertus
2419 2844 2436 2872 ‚

526 2872 912 2953 Allobrogum
955 2876 1123 2951 Dux,
1174 2877 1503 2956 profligatis
1544 2875 1726 2937 Gallis
1772 2877 1842 2937 ad
1888 2877 2211 2955 Augustam
2266 2875 2442 2938 Vero-

529 2953 925 3017 manduorum
967 2955 1111 3035 (2),-
1143 2954 1415 3034 regiones
1453 2963 1689 3018 nostras
1728 2954 1802 3017 ab
1848 2963 2089 3019 externo
2130 2955 2440 3017 dominatu

592 3139 656 3198 (1)
689 3140 1016 3193 Huiusmodi
1063 3140 1288 3195 ruerunt
1335 3144 1534 3195 Petrus
1569 3143 1737 3204 Cara,
1780 3142 2115 3194 nubet-tinus
2158 3142 2437 3203 Clericus,

525 3200 803 3253 Domitius
837 3202 1151 3260 Macaneus.
1189 3204 1409 3258 Coelius
1452 3204 1735 3257 secundus
1776 3205 1972 3264 Cui-in,
2008 3204 2209 3256 Paulus
2248 3204 2446 3256 Gerra·-

528 3264 619 3313 tus
652 3263 724 3320 (V.
762 3264 1067 3325 vamum,
1108 3266 1300 3318 Storia
1330 3266 1481 3319 della
1512 3267 1711 3319 Poesia
1745 3268 1809 3317 in
1842 3267 2159 3329 Piemonte,
2196 3266 2402 3318 Torino
2422 3305 2440 3328 .

530 3323 986 3446 Βοθίιέἷίιέτιέὶοῡίίηα.
1022 3331 1159 3386 1841.
1195 3328 1358 3388 in-8·,
1391 3325 1543 3383 Tem.
1583 3329 1633 3390 1,
1669 3340 1784 3394 pag.
1816 3332 1896 3391 66,
1930 3332 1993 3381 82
2025 3340 2055 3380 e
2088 3339 2197 3391 seg.
2222 3367 2236 3391 ,
2275 3332 2365 3380 115
2406 3338 2441 3380 ο

595 3450 656 3508 (2)
695 3450 790 3501 An.
833 3451 1048 3502 unnvtl.
