2673 4295
509 376 628 438 176
1154 390 1472 438 insi-oiim:
1515 391 1791 437 carrica

509 472 811 535 interdurn
857 478 916 535 et
959 471 1302 552 perturbata
1349 490 1550 533 rerum
1595 471 1919 551 expositio,
1966 469 2257 534 orationis
2307 490 2487 554 per-

508 552 811 633 spicuitati
877 553 1130 613 maxime
1181 552 1490 629 officiunt,
1536 558 1994 614 etcastrensem
2037 569 2107 614 ac
2147 571 2481 631 graecum

514 632 817 695 hominem
862 633 1034 694 facile
1078 632 1338 712 produnt
1379 632 1499 711 (ll.

1407 852 1543 933 38.

860 985 1146 1066 Sulpicius
1190 986 1424 1049 Severus
1465 994 1520 1048 et
1561 985 1795 1048 Paullus
1842 984 2091 1048 Orosius.

595 1154 1029 1216 Historicorum
1071 1154 1250 1216 huius
1294 1154 1519 1223 aetatis,
1569 1153 1672 1233 qui
1709 1152 1950 1234 quidem
1993 1155 2057 1215 in
2085 1155 2289 1234 aliquo
2322 1154 2469 1216 sint

513 1253 791 1311 numero,
836 1234 1106 1296 ordinem
1150 1234 1436 1295 claudunt
1478 1232 1760 1325 Sulpici-us
1815 1232 2047 1295 Severus
2087 1241 2147 1296 et
2207 1236 2468 1297 Paullus

521 1314 766 1392 Orosius,
812 1331 1066 1393 quorum
1110 1322 1361 1393 uterque
1404 1313 1734 1375 doctrinam
1778 1313 2162 1375 christianam
2215 1316 2464 1394 profes-

516 1412 642 1470 sus,
689 1393 752 1454 in
789 1393 994 1456 eodem
1039 1400 1388 1471 argumento
1431 1392 1775 1456 elaboravit.
1823 1393 1995 1455 Prior
2035 1412 2283 1474 nempe,
2328 1414 2461 1457 na-

514 1474 679 1536 tione
718 1473 933 1551 gallus‚
979 1472 1219 1553 scripsit
1246 1473 1529 1534 Historiae
1555 1493 1747 1535 sacrae
1775 1472 1960 1533 libros
1989 1470 2038 1533 11
2065 1494 2132 1534 ao
2161 1476 2285 1535 orbe
2316 1494 2463 1536 eon-

516 1554 632 1615 dito
673 1555 746 1614 ad
785 1572 995 1615 annum
1036 1554 1405 1615 christianum
1442 1556 1618 1632 ferme
1663 1554 2262 1633 quadringentesimum
2302 1553 2454 1632 (2‘);

519 1631 667 1695 alter
708 1649 846 1694 vero
889 1632 1184 1695 lusitanus
1224 1632 1314 1694 vel
1356 1632 1663 1710 hispanus,
1708 1632 2088 1693 Historiarum
2134 1632 2318 1695 libros
2361 1634 2459 1695 viI

517 1713 585 1774 ab
620 1713 756 1782 ‚orbe
798 1714 1013 1775 condito
1055 1714 1128 1773 ad
1167 1732 1376 1774 annum
1418 1714 1785 1773 christi-anum
1826 1712 2091 1773 ccccxvss
2131 1712 2251 1792 (3).

596 1790 790 1864 Quum
834 1790 1134 1872 Sulpicius
1175 1792 1238 1852 in
1268 1790 1536 1853 Sallustii
1565 1791 1818 1853 lectione
1850 1791 2178 1871 plurimum
2208 1792 2447 1862 fuisset.

519 1869 650 1935 eius
692 1870 952 1933 colorem
996 1872 1431 1951 quodammodo
1459 1872 1644 1933 refert
1672 1871 1734 1931 in
1765 1870 2010 1933 historia
2039 1870 2160 1950 (4),
2192 1873 2288 1933 cui
2321 1872 2456 1963 ple-

519 1952 693 2030 rIque
735 1952 1051 2012 maximam
1096 1952 1272 2013 fidem
1315 1951 1669 2028 adiungunt.
1716 1949 1874 2011 Haec
1914 1969 2083 2021 sane,
2133 1950 2244 2012 etsi
2284 1951 2454 2012 vitiis

517 2047 639 2092 non
684 2039 867 2106 caret,
914 2031 1072 2092 haud
1114 2031 1436 2109 ineleganti
1493 2039 1708 2092 tamen
1748 2030 1885 2092 stilo
1941 2037 2030 2091 est
2079 2030 2450 2109 conscripta.

519 2110 712 2184 Quare
752 2110 803 2173 si
848 2109 1010 2172 illam
1055 2111 1544 2175 commendavero
1586 2129 1735 2191 prae
1765 2108 2122 2190 quibusdam
2152 2110 2458 2173 recentio-

519 2189 688 2251 ribus
731 2191 948 2254 libellis
990 2190 1108 2271 (5),
1155 2208 1303 2270 quos
1359 2191 1536 2252 audio
1600 2209 1803 2270 pueris
1867 2191 2081 2252 nostris
2144 2192 2452 2270 proponi,

519 2268 740 2409 latina?
783 2269 1018 2348 linguae
1060 2270 1364 2346 studiosiS‚
1411 2287 1617 2332 omnes
1661 2270 1808 2331 mihi
1867 2269 2039 2333 facile
2095 2288 2454 2333 assensuros

523 2364 682 2410 coni
728 2366 786 2409 o.

589 2554 651 2613 (1)
685 2553 897 2614 Huius,
933 2551 1174 2609 Censura
1208 2552 1413 2614 ingenii
1437 2556 1491 2604 et
1513 2553 1792 2607 historiar.
1817 2553 1995 2606 Amm.
2020 2553 2185 2606 Marc.
2209 2553 2458 2618 Gotting.

529 2619 653 2667 1802
685 2615 899 2678 (opusc.
934 2615 1118 2678 Acad.,
1152 2616 1237 2677 vl,
1274 2627 1325 2678 p.
1362 2618 1457 2675 35).

591 2680 652 2738 (2)
685 2679 916 2729 Exstant
946 2682 1229 2740 praeterea
1261 2678 1492 2740 Sulpicii
1528 2678 1721 2731 Severi
1744 2677 1944 2736 dialogi
1966 2679 2036 2728 111
2061 2678 2139 2728 De
2160 2678 2457 2729 miraculis

529 2739 586 2790 B.
624 2739 843 2791 Martini
874 2764 938 2775 —
968 2739 1213 2800 Epistola
1244 2739 1312 2789 ad
1346 2740 1692 2791 Desiderium
1725 2766 1787 2775 -—
1810 2739 1878 2790 ad
1900 2739 2196 2790 Eusebium
2220 2742 2464 2802 presby-

527 2803 711 2851 terum
743 2826 806 2836 —
837 2800 906 2851 ad
941 2801 1228 2852 Aurelium
1261 2801 1553 2852 diaconum
1584 2827 1647 2837 —
1686 2801 1755 2853 ad
1799 2802 2083 2853 Bassulam
2127 2813 2351 2852 socrum
2392 2827 2462 2840 —-·

531 2864 608 2912 De
644 2863 757 2913 vita
789 2863 845 2912 B.
882 2862 1120 2923 Martini,
1157 2863 1473 2914 turonensis
1508 2863 1769 2926 episcopi.
1798 2918 1802 2923 ,

592 2926 654 2983 (3)
689 2924 918 2984 Scripsit
948 2923 1115 2974 etiam
1147 2925 1541 2987 ,apologeticon
1576 2924 1645 2976 de
1679 2925 1892 2976 arbitrii
1915 2923 2191 2988 libertate,
2217 2928 2274 2976 et
2296 2924 2464 2978 Com·

530 2985 892 3038 monitorium
925 2985 996 3036 ad
1031 2986 1111 3035 Au
1147 2987 1412 3038 ustinum.
2025 3034 2030 3035 ff

596 3049 656 3107 (41
691 3047 754 3097 In
790 3046 1093 3108 sulpiciana
1163 3048 1376 3107 istoria,
1408 3058 1570 3110 quam
1605 3047 2181 3101 animadversionibus
2214 3053 2461 3111 auctam.

531 3109 804 3170 Augustae
839 3107 1205 3161 Taurinorum
1241 3108 1600 3161 emittendam
1629 3111 1824 3173 curavi
1854 3121 1925 3161 ex
1956 3110 2171 3162 officina
2192 3111 2344 3172 regia
2366 3121 2463 3163 an.

533 3181 760 3231 uncum„
795 3169 948 3220 locos
983 3170 1359 3234 sallustianOS,
1391 3171 1464 3224 ad
1497 3180 1634 3233 quos
1668 3176 1855 3222 noster
1896 3172 2189 3233 scribendo
2234 3172 2467 3226 videtur

531 3234 866 3294 respexisse,
901 3235 961 3281 ut
995 3243 1118 3284 mea
1149 3234 1419 3285 memoria
1451 3236 1586 3296 erat,
1621 3233 1912 3294 diligenter
1944 3235 2152 3286 notavi.

593 3295 659 3355 (5)
692 3295 950 3355 Spectant
981 3291 1115 3346 haec
1163 3295 1334 3346 verba
1383 3295 1452 3346 ad
1502 3296 1758 3359 opellam,
1813 3296 2015 3349 latinae
2067 3298 2470 3357 grammaticae

533 3354 775 3407 alumnis
835 3353 1054 3418 publice
1108 3358 1468 3419 propositam,
1532 3370 1667 3420 quae
1729 3357 2085 3410 inscribitur:
2152 3358 2471 3411 selecta.

533 3417 1146 3469 christianorum
1193 3419 1686 3482 scriptorum.
1727 3418 1866 3471 Vah!
1903 3430 2070 3483 apage
2116 3431 2151 3472 a
2182 3419 2348 3472 nobis
2392 3420 2475 3473 lt-
