2673 4295
933 437 1049 481 un.
1083 438 1149 481 11.
1171 438 1353 483 -σΑΡ,
1400 440 1480 483 1x.
2092 427 2171 490 89

239 513 501 575 modum
543 513 906 591 adhibuisse,
953 518 1107 597 quod
1153 536 1272 581 uno
1316 521 1617 583 volumine
1672 521 1818 583 vitas
1879 523 2172 586 excellen-

237 593 409 654 tium
433 592 697 655 virorum
723 597 1120 677 complurium
1145 599 1500 662 concludere
1515 601 1934 664 constituisset.
1953 603 2170 676 Quam·

128 686 137 689 ·
239 691 436 753 quam
481 691 619 736 vero
662 675 722 736 in
766 684 1098 757 temporum
1143 686 1201 739 et
1242 679 1506 740 locorum
1537 682 1838 743 notatione
1869 682 2167 746 interdum
2217 710 2219 712 ’

237 753 554 815 claudicat
594 758 1104 833 nosterqnemini
1150 766 1347 820 tamen
1391 759 1521 822 i-ure
1563 761 1625 821 in
1669 760 1917 822 dubium
1974 763 2169 826 veniet

232 832 419 895 illius
458 835 779 897 auctoritas
820 843 879 899 et
921 837 1086 911 fides,
1132 856 1308 917 quam
1353 840 1442 900 vel
1487 839 1599 919 ipsi
1642 850 1867 903 veteres
1906 843 2002 919 (1)
2034 843 2168 904 lau-

236 912 493 974 darun't.
534 914 849 977 Caeterum
893 915 1151 979 Cornelii
1195 918 1346 979 vitae
1390 921 2029 998 praestantissimorum
2076 923 2167 984 vi·-

233 1009 456 1055 romm
501 992 792 1072 imagi-nes
835 995 1004 1059 nobis
1045 996 1322 1059 exhibent
1364 999 1644 1079 graphice
1672 1000 1956 1080 depictaS,
1990 1009 2167 1080 atque

236 1072 488 1151 egregia
520 1074 605 1134 ad
649 1075 1001 1137 imitandum
1045 1077 1338 1156 exempla.
1384 1079 1449 1139 ln
1492 1078 1584 1140 his
1612 1088 1809 1142 autem
1840 1080 2019 1142 dictio
2047 1083 2167 1144 ele·

214 1169 398 1229 gans
438 1160 550 1230 est,
596 1154 810 1228 faciliS‚
858 1155 1033 1235 plana
1062 1205 1077 1231 ,
1145 1158 1458 1237 perspicua
1488 1207 1502 1231 ‚
1548 1166 1607 1221 et
1668 1159 1861 1220 nativa
1909 1161 2164 1240 quadam

236 1231 629 1313 simplicitate
670 1242 878 1317 sponte
923 1235 1132 1310 fluens,
1181 1237 1334 1298 unde
1380 1238 1605 1301 tirones
1642 1258 1984 1318 germanam
2016 1259 2163 1321 pure

233 1311 530 1392 loquendi
571 1314 1061 1379 consuetudinem
1103 1315 1383 1378 haurient
1426 1318 1545 1398 (2).

1145 1510 1280 1591 §4-

884 1695 904 1711 ,
1002 1641 1158 1704 Titus
1199 1642 1410 1705 Livius.

334 1810 531 1872 Titum
572 1809 796 1873 Liviam
822 1809 1047 1871 Patavii
1077 1816 1282 1872 natum
1313 1811 1584 1891 plerique
1613 1812 1981 1874 arbitrantur
2007 1829 2162 1876 anno

237 1889 383 1952 urb.
429 1884 603 1952 cond.
647 1891 1095 1966 sexcentesimo,
1126 1889 1334 1970 quinto
1365 1899 1422 1954 et
1463 1892 1866 1970 nonagesimo.
1905 1893 2009 1954 llic
2038 1913 2164 1954 am-
2240 1920 2246 1925 ·

238 1968 473 2032 bitione
514 1987 758 2044 vacuus,
802 1977 861 2032 et
903 1969 1138 2032 futurae
1180 1970 1388 2032 aetatis
1429 1970 1932 2033 immortalitatem
1965 1973 2161 2051 potius

237 2067 426 2130 quam
449 2056 817 2130 praesentem
842 2048 1093 2127 gloriam
1116 2057 1412 2128 spectans,
1444 2051 1516 2111 ad
1548 2050 1970 2130 rempublicam
2001 2071 2160 2112 nun-

238 2149 426 2209 quam
470 2129 730 2200 accessit,
779 2147 961 2209 seque
1007 2137 1193 2191 totum
1238 2128 1298 2190 in
1343 2130 1569 2193 litteras
1606 2130 1852 2193 abdidit.
1890 2131 2164 2211 Antiqui·

236 2208 387 2270 tatis
429 2216 628 2271 autem
691 2210 1129 2287 cognoscendae
1193 2210 1653 2290 cupidissimus,
1718 2211 1812 2271 ad*
1852 2211 2160 2275 historiam

237 2288 618 2369 potissimum
665 2289 987 2351 ferebatur.
1033 2289 1405 2369 Quapropter
1441 2309 1623 2369 quum
1677 2309 1955 2369 magnum
2009 2292 2159 2354 illud
2249 2365 2252 2366 ⁷

236 2387 398 2448 opus
438 2369 637 2431 animo
679 2369 942 2447 agitaret,
994 2381 1195 2431 rerum
1239 2370 1511 2432 videlicet
1547 2372 1833 2451 principis
1870 2379 2161 2433 terrarum

237 2448 455 2528 populi
493 2448 1073 2528 perscribendarum‚
1120 2450 1178 2510 in
1218 2449 1431 2512 urbem
1476 2470 1537 2512 se
1580 2452 1873 2528 contulit,
1917 2468 2164 2530 sperans

243 2547 317 2590 se
360 2528 520 2607 plura
565 2535 625 2590 et
662 2529 915 2590 certiora
962 2530 1324 2591 monimenta
1369 2529 1772 2591 inventurum.
1828 2529 1960 2601 Quo
2005 2548 2163 2591 anno

239 2608 493 2669 Romam
536 2608 764 2669 venerit
805 2617 1016 2687 parum
1078 2607 1312 2687 ‘liquet3
1379 2611 1618 2671 venisse
1676 2620 1868 2670 tamen
1933 2615 2164 2670 constat

237 2686 362 2749 sub
400 2687 637 2749 initium
679 2687 919 2767 imperii
962 2688 1268 2765 Augustei.
1317 2687 1520 2767 ltaque
1563 2706 1747 2768 quum
1791 2687 1894 2748 diu
1925 2688 2165 2751 vixisset

233 2768 306 2829 in
358 2767 498 2830 urbe
544 2774 838 2830 terrarum
882 2767 1145 2841 domina,
1191 2769 1557 2847 summisque
1602 2769 1765 2841 viris,
1813 2768 1975 2828 omni
2019 2785 2163 2830 eru-

240 2846 469 2909 ditione
533 2847 759 2909 ornatis
787 2896 801 2920 ‚
868 2847 1121 2909 maxime
1183 2847 1486 2923 affluenti,
1530 2847 1763 2908 nullum
1807 2848 1859 2909 ei
1904 2847 2164 2912 defuisse

232 2926 655 2989 adiumentum
699 2926 930 2988 videtur
971 2927 1044 2987 ad
1080 2926 1384 3005 ingenium
1417 2928 1579 2989 omni
1608 2945 1826 3005 genere
1856 2927 2163 2996 doctrinae

231 3006 655 3070 excolendum.
702 3006 1010 3068 Historiam
1052 3026 1344 3068 romanam
1385 3024 1629 3070 exorsus
1672 3008 1829 3073 inter
1869 3008 2163 3070 actiacum

229 3093 296 3149 et
340 3085 757 3148 cantabricum
795 3085 1042 3154 bellum.
1087 3104 1243 3148 anno
1289 3087 1474 3150 ferme
1519 3086 1653 3147 urb.
1688 3088 1861 3150 cond.
1895 3104 2160 3164 nccxx1v‚

231 3184 373 3230 eam
417 3165 733 3244 evulgavit,
778 3165 910 3229 vivo
942 3165 1146 3250 ’adhuc
1188 3167 1437 3230 Caesare
1479 3167 1767 3246 Augusto.
1814 3168 1949 3252 l’osffit
1984 3166 2165 3230 huius

292 3351 364 3409 (1)
399 3348 584 3410 Gau...
617 3361 710 3408 xv,
742 3353 824 3403 πθ.
857 3375 921 3385 -
951 3350 1120 3400 Ponte.
1158 3348 1329 3409 Meni,
1365 3350 1445 3401 De
1472 3350 1592 3401 *situ
1624 3350 1795 3405 orbis.
1832 3350 1918 3408 nl,
1954 3354 2001 3415 5.

295 3415 365 3471 (2)
386 3411 570 3463 Omns
593 3412 886 3473 Bonnicn„
911 3411 1195 3469 Conspect.
1220 3417 1362 3462 auct.
1392 3414 1521 3475 ling.
1541 3414 1636 3465 lat.
1661 3439 1723 3451 -
1760 3412 1817 3461 W
1822 3422 2163 3477 musanen,

229 3474 377 3523 Bihl.
417 3476 612 3525 critic..
650 3475 704 3523 P.
742 3475 849 3536 XII,
888 3485 1004 3537 pag.
1044 3477 1149 3524 116.
1925 3503 1926 3506 =
1965 3499 1966 3502 =
2059 3507 2092 3514 -»
