2673 4295
537 423 612 483 46
1164 435 1479 483 ΗιετοωΑΕ
1505 433 1794 480 cmi-icas

1267 588 1503 654 CAPVT
1545 587 1699 653 VIII.

1122 741 1217 786 DE
1284 739 1846 794 ELOQUEN'I'IA·

614 907 806 982 Quum
849 907 1092 983 Romae,
1138 916 1270 989 post
1296 917 1529 985 exactos
1558 927 1747 986 regeS,
1779 907 1976 970 omnia
2007 923 2159 989 quae
2186 905 2259 968 ad
2289 924 2454 969 rem·

536 987 834 1068 publicam
875 986 1248 1067 pertinebant
1290 987 1495 1068 populi
1537 987 1784 1051 arbitrio
1813 994 2180 1065 regerentur,
2213 993 2451 1050 mature

530 1067 870 1146 eloquentia
913 1066 1098 1130 excoli
1152 1066 1400 1143 debuit,
1466 1066 1637 1130 cuius
1698 1074 1787 1129 est
1849 1066 2053 1147 populi
2114 1066 2451 1128 voluntates

535 1146 843 1228 impellere
905 1163 1022 1225 quo
1082 1146 1265 1223 velit,
1310 1147 1469 1209 unde
1512 1154 1711 1209 autem
1755 1146 1895 1209 velit
1933 1147 2248 1208 deducere.
2295 1145 2451 1208 Hinc

536 1227 755 1287 factum
787 1232 896 1304 est,
928 1234 1016 1301 ut,
1048 1227 1332 1306 quamdiu
1364 1225 1646 1307 populare
1668 1224 1987 1307 imperium
2017 1226 2239 1289 Romae
2260 1224 2446 1303 stetit,

536 1323 711 1368 nemo
752 1305 938 1367 ferme
981 1305 1160 1369 suerit
1200 1305 1484 1368 acutioris
1523 1304 1748 1384 ingenii
1810 1305 1938 1381 vir,
2046 1305 2149 1366 uin
2210 1321 2450 1367 summo

536 1384 731 1449 studio
772 1384 845 1447 ad
888 1383 1284 1465 eloquentiam
1327 1385 1642 1447 niteretur.
1687 1384 1818 1455 Sed,
1862 1383 1950 1446 uti
1978 1324 2261 1465 pfferaque
2294 1401 2452 1446 mor-

538 1464 745 1525 talium
787 1463 1104 1544 habentur‚
1148 1465 1376 1543 exiguis
1417 1465 1595 1527 etiam
1638 1463 1825 1526 initiis
1878 1465 2137 1545 profecta
2200 1481 2451 1526 romana

536 1542 873 1623 eloquentia
915 1551 1043 1621 est3
1090 1551 1156 1605 ut
1196 1545 1391 1624 primo
1431 1544 1574 1606 satis
1615 1544 1933 1621 videretur,
1970 1543 2160 1623 siquis
2187 1542 2451 1606 naturali

534 1623 792 1701 quadam
834 1622 1071 1688 dicendi
1112 1622 1169 1685 vi
1211 1631 1366 1686 esset
1405 1624 1754 1701 instructus,
1797 1623 1961 1685 nulla
2003 1623 2309 1686 doctrinae
2336 1622 2452 1683 ha-

539 1702 659 1767 bita
701 1703 931 1765 ratione
971 1702 1090 1842 51).
1153 1748 1159 1754 .
1973 1765 1979 1771 ,

616 1782 917 1854 Romanae
959 1802 990 1844 e
1017 1781 1330 1861 oquentiae
1372 1780 1681 1844 historiam
1723 1780 1894 1845 nobis
1936 1779 2173 1844 exhibet
2218 1779 2455 1844 Tullius

537 1860 603 1923 in
643 1861 822 1937 libro,
869 1861 971 1940 qui
1013 1859 1361 1924 inscribitur
1401 1860 1611 1924 Brutus
1642 1861 1760 1942 (2),
1794 1860 1895 1923 ubi
1925 1860 2289 1924 enumeratis
2317 1859 2455 1923 bre·

538 1940 688 2004 viter
727 1940 956 2020 graecis
995 1939 1347 2011 oratoribus,
1395 1941 1469 2002 ad
1512 1958 1788 2004 romanos
1849 1939 2076 2004 accedit
2130 1940 2249 2021 (3).
2295 1941 2455 2003 Mar-

534 2040 664 2083 cum
704 2036 841 2082 vero
887 2020 1206 2083 Cornelium
1251 2020 1550 2100 Getheyum
1589 2021 1849 2101 primum
1888 2028 2198 2098 memorat,
2229 2020 2304 2082 de
2330 2036 2453 2100 quo

537 2099 614 2163 sit
655 2100 980 2164 memoriae
1023 2100 1321 2182 proditum
1366 2100 1550 2165 fuisse
1591 2101 1964 2181 eloquentem
2008 2099 2145 2180 (4);
2192 2107 2317 2162 tum
2362 2100 2448 2162 M.

543 2179 807 2243 Catonem
847 2179 1219 2256 Censorium,
1263 2180 1434 2242 cuius
1476 2180 1773 2245 orationes
1816 2200 1953 2260 cum
1993 2178 2257 2261 Lysianis
2292 2196 2453 2242 com·

540 2265 709 2338 parat
749 2256 866 2338 (5).
912 2260 1049 2321 Post
1089 2260 1247 2320 hunc
1288 2258 1624 2338 complures
1665 2266 1952 2340 recenset,
2010 2258 2115 2339 qui
2179 2278 2315 2321 cum
2379 2270 2453 2321 eo

539 2338 885 2416 grandiores
927 2344 1070 2399 natu
1111 2339 1385 2401 vixerunt
1425 2337 1562 2418 (6);
1605 2338 1669 2400 in
1698 2338 1913 2417 quibus
1941 2337 2264 2417 Scipionem
2289 2336 2340 2400 A
2372 2341 2455 2400 ri-

539 2436 743 2479 canum
781 2416 1028 2498 eiusque
1070 2416 1284 2480 filium.
1331 2417 1553 2481 Deinde
1597 2418 1858 2481 minores
1901 2424 2092 2481 aetate
2136 2417 2203 2481 C.
2250 2416 2329 2481 Su
2351 2418 2453 2497 pi-

540 2498 693 2558 cium
739 2493 983 2573 Gallum,
1028 2496 1094 2557 L.
1145 2496 1385 2576 Cottam,
1429 2497 1519 2560 L.·
1548 2498 1789 2560 Paulum
1814 2497 2250 2576 Macedonicum,
2283 2515 2455 2577 prae·

540 2577 744 2639 sertim
788 2593 925 2638 vero
971 2576 1036 2640 C.
1079 2577 1356 2653 Laelium,
1400 2577 1475 2639 P.
1508 2578 1847 2657 Africanum
1873 2577 2170 2641 iuniorem
2199 2584 2260 2640 et
2286 2575 2448 2640 Serv.

542 2653 858 2738 Sulpicium
905 2655 1136 2719 Galbam
1176 2655 1294 2738 (7),
1344 2674 1492 2736 quos
1531 2658 1735 2721 doctos
1775 2666 1953 2738 atque
2004 2657 2350 2739 eloquentes
2388 2655 2454 2719 in

604 2845 669 2902 (1)
702 2842 886 2903 Turn..
922 2844 1078 2894 Tusc.
1114 2842 1336 2906 disput„
1373 2842 1412 2902 l,
1445 2846 1492 2893 3.
1662 2904 1672 2914 ·
2216 2879 2222 2885 .

601 2905 667 2963 (2)
701 2903 777 2955 Cr.
814 2905 999 2966 svm..
1034 2905 1110 2954 De
1142 2904 1272 2955 clar.
1308 2903 1450 2954 rhet.
1504 2928 1564 2941 -··
1609 2903 1815 2966 D1alog.
1867 2903 1932 2957 de
1982 2916 2156 2956 causa.
2207 2907 2452 2968 corrupt.

536 2964 690 3079 egga.-
712 2991 773 3000 —
805 2965 899 3017 Fn.
934 2966 1209 3028 Eanum,
1245 2966 1532 3018 succincta
1562 2966 1702 3029 eloq.
1739 2977 1877 3017 rom.
1914 2966 2041 3018 bist.
2065 2968 2120 3019 in
2140 2966 2272 3019 edit.
2298 2967 2452 3021 Brut.

605 3090 668 3146 (3)
702 3087 871 3148 Brut..
904 3100 1018 3139 x1v.

604 3152 668 3208 (4)
704 3149 858 3210 thid..
896 3161 985 3201 xv.

604 3213 667 3283 (ᾧ)
702 3210 778 3263 Cr.
814 3212 870 3266 E.
906 3213 1178 3295 senonem„
1214 3213 1357 3265 Diss.
1382 3213 1449 3264 de
1474 3212 1543 3266 Μ.
1566 3214 1717 3264 Porc.
1742 3213 1944 3265 Catone
1969 3214 2191 3265 Censor.
2212 3216 2451 3266 oratore.

541 3272 1082 3407 rasisse?-
1500 3399 1510 3410 ,

545 3454 592 3516 D
596 3396 878 3520 ἑὍΟίῐᾶξῗηῐ
885 3399 1010 3521 ,1Ξὲ
1035 3421 1094 3432 -
1115 3395 1192 3450 Ct.
1216 3398 1435 3451 Tuscul.
1458 3397 1679 3462 disput„
1706 3399 1745 3460 1,
1771 3402 1816 3450 3.
1845 3424 1903 3434 -
1925 3398 2000 3449 De
2025 3401 2180 3459 orat„
2208 3398 2298 3460 111,
2314 3398 2367 3450 7.
2393 3421 2459 3438 -
