2673 4295
883 340 1000 385 me.
1033 338 1122 382 111.
1158 353 1185 365 -
1205 335 1340 381 cu».
1371 334 1449 378 ιν.
2012 308 2126 370 129

209 448 386 511 diam
429 445 614 508 ferme
653 447 903 505 aetatem
945 436 1316 508 declamavit,
1380 438 1438 494 et
1498 430 1689 493 serius
1750 425 1991 489 omnino
2054 422 2128 482 ad

206 536 448 607 satyras
488 523 826 587 scribendas
869 538 930 580 se
971 516 1242 579 contulit.
1286 511 1600 601 Memoriae
1655 508 1952 599 proditum
1996 517 2127 587 est,

208 605 558 670 Iuvenalem
622 604 738 664 iam
802 597 1245 675 octogenarium
1309 593 1385 654 ob
1435 596 1789 667 exagitatum
1830 605 1893 647 ιιι
1935 595 2128 668 satyra

208 686 474 767 septima
500 682 766 744 Paridem
806 678 1258 760 pantomimum,
1292 670 1590 732 Hadriano
1618 668 1793 732 unice
1820 666 2127 745 dilectum,

211 785 335 847 per
375 762 629 843 speciem
674 760 917 822 honoris
960 757 1106 818 urbe
1148 755 1330 816 fuisse
1372 758 1731 814 summotum
1759 796 1775 824 ,
1834 753 2011 837 atque
2055 747 2130 808 ad

210 844 657 937 praefecturam
702 839 959 902 cohortis
997 837 1239 897 missum
1271 835 1332 893 in
1363 840 1654 919 extremos
1681 828 1927 919 Aegypti
1957 829 2128 904 lineS,

210 924 309 986 lbi
360 922 550 984 taedio
591 921 769 981 vitam
815 917 1061 979 finiisse.
1106 914 1323 976 Verum
1370 913 1520 972 hanc
1561 926 1924 989 opinionem,
1978 923 2131 986 quae

146 1007 151 1012 ’
211 1004 451 1066 diutius
492 998 904 1062 eruditissimis
947 995 1284 1056 hominibus
1326 991 1560 1066 arrisit,
1605 991 1892 1052 memoria
1932 1003 2133 1055 nostra

214 1083 419 1145 firmis
479 1079 843 1157 argumentis
904 1076 1229 1137 Franckius
1292 1072 1387 1152 (1)
1449 1071 1718 1150 explosit.
1766 1069 1958 1141 Quare
2023 1073 2133 1136 hoc

214 1180 415 1223 unum
459 1167 619 1221 certo
673 1164 932 1232 constat,
992 1154 1322 1217 Iuvenalem
1383 1151 1712 1214 Domitizmo
1768 1158 1828 1211 et
1878 1150 2132 1215 Traiano

213 1239 657 1321 imperantibus
698 1237 941 1311 vixisse3
986 1244 1044 1296 et
1070 1233 1419 1312 conscriptis
1464 1237 1668 1313 satyris
1712 1240 1986 1300 sexdecim
2012 1242 2131 1321 (Ξ),

216 1327 428 1384 exacta
473 1324 662 1379 aetate
705 1316 1009 1378 occidisse.

306 1399 499 1471 Quum
547 1398 607 1457 in
652 1394 1094 1474 corruptissima
1139 1393 1369 1454 civitate
1412 1393 1632 1454 viveret
1672 1392 1988 1473 Iuvenalis,
2020 1397 2138 1460 110·

216 1478 368 1542 ratii
413 1476 747 1539 urbanitate
789 1483 846 1537 et
887 1473 1115 1536 facetiis
1155 1473 1463 1548 ablegatis,
1507 1473 1683 1549 rigidi
1714 1477 1975 1537 censoris
2005 1496 2138 1556 per-

216 1576 436 1621 sonam
478 1557 731 1636 sustinet
772 1556 833 1617 in
876 1554 1100 1633 satyris,
1161 1561 1339 1633 atque
1398 1553 1461 1612 in
1523 1552 1660 1613 vitia
1725 1555 1953 1618 aetatis·
1994 1576 2136 1621 suae

217 1636 708 1715 indignabundus
750 1633 1068 1695 invehitur.
1113 1632 1235 1706 Qua
1282 1632 1342 1691 in
1387 1650 1449 1693 re
1493 1631 1598 1692 etsi
1643 1632 1714 1693 ad
1749 1632 1928 1695 Persii
1957 1639 2140 1699 ratio-

218 1736 367 1779 nem
411 1716 688 1778 accedere
731 1714 980 1788 videtur,
1026 1713 1143 1775 hoc'
1180 1720 1372 1774 tamen
1418 1711 1777 1773 discriminis
1830 1713 1989 1775 inter
2041 1734 2140 1779 vo-

218 1797 597 1858 laterranum
643 1802 700 1857 et
741 1794 1077 1871 aquinatem
1124 1798 1357 1871 poetam
1403 1790 1757 1868 intercedit,
1816 1794 1972 1872 quod
2036 1795 2139 1859 ille

218 1884 530 1954 tamquam
577 1875 752 1935 homo
794 1873 865 1934 de
908 1873 1131 1944 schola,
1180 1873 1310 1934 telis
1361 1890 1428 1932 ex
1490 1873 1807 1933 stoicorum
1871 1873 2139 1937 doctrina

221 1956 604 2036 potissimum
649 1953 995 2031 depromis,
1042 1951 1238 2013 acrius
1280 1957 1339 2014 et
1382 1952 1706 2029 pugnacius
1760 1951 1982 2030 instat;
2043 1954 2141 2017 hic

220 2036 515 2096 diuturno
557 2051 757 2094 rerum
804 2049 910 2093 usu
954 2030 1280 2111 pleniorem
1326 2027 1621 2093 humanae
1663 2039 1909 2094 naturae
1940 2033 2141 2111 cogni-

220 2114 454 2177 tionem
499 2119 726 2186 nactus,
779 2111 868 2173 vel
932 2129 1114 2190 quum
1178 2110 1596 2173 declamatorio
1658 2112 1908 2190 quodam
1975 2131 2141 2178 more

221 2195 510 2270 insurgit,
558 2190 917 2252 illa'utitur‘
965 2191 1493 2269 argumentationis
1557 2192 1787 2267 forma,
1855 2211 2005 2271 quae
2066 2196 2140 2257 ad
2205 2198 2213 2207 '

223 2271 697 2350 uniuscuiusque
739 2278 973 2349 captum
1017 2272 1205 2348 magis
1248 2278 1335 2333 est
1377 2270 1840 2334 accommodata.

313 2351 415 2413 Est
454 2350 713 2412 luvenali
757 2359 1028 2412 ornatum
1075 2350 1372 2412 scribendi
1425 2369 1627 2428 genuS,
1696 2352 2141 2416 vehementibus

225 2430 442 2508 figuris
482 2438 541 2492 et
582 2429 766 2508 tropis
809 2429 1113 2491 abundans
1155 2430 1388 2508 longius
1442 2431 1662 2510 petitis,
1727 2449 1900 2508 saepe
1962 2432 2140 2493 etiam

222 2510 544 2571 luxurians
586 2516 643 2570 et
686 2509 1000 2569 tumidum.
1049 2509 1236 2587 lpsius
1280 2509 1391 2570 ioci
1436 2508 1669 2578 eruditi,
1719 2509 2033 2586 ingeniosi,
2084 2519 2184 2575 at.

224 2589 556 2650 studiosius
598 2588 895 2650 interdum
941 2589 1216 2666 quaesiti.
1271 2589 1492 2650 Versus
1547 2590 1886 2666 numerosi,
1930 2589 2143 2653 verbo-

225 2687 374 2732 rum
410 2669 722 2737 ,collocatio
763 2667 958 2729 suavis
999 2668 1121 2744 (3),
1165 2668 1477 2730 iuncturae
1522 2668 1727 2730 molles
1769 2669 1886 2749 (4).

293 2871 364 2930 (1)
395 2867 525 2919 Vide
560 2869 616 2919 in
649 2867 788 2918 hanc
820 2879 938 2919 rem
958 2868 1014 2940 J·
1049 2869 1172 2920 vu..
1211 2870 1478 2921 Famem·
1526 2881 1713 2932 opera,
1760 2881 1900 2931 quae
1950 2871 2147 2923 inscri-

220 2934 478 2985 buntur:
517 2931 830 2981 Examen
863 2931 1215 2982 criticum
1250 2934 1312 2983 D.
1352 2933 1531 2982 lunii
1569 2934 1919 2983 luvenalis
1944 2935 2143 2984 vitae.

222 2995 453 3055 Lipsiae
493 2996 624 3050 2820,
660 2993 810 3042 ιιι-δ”.
837 2992 1012 3041 -De
1046 2994 1206 3043 vita
1245 2996 1301 3042 Ι).
1341 2994 1543 3044 lunii
1577 2995 2148 3056 luvenalisquae·

222 3057 337 3109 sti
363 3067 395 3106 ο
429 3055 584 3105 alte
605 3065 692 3103 ra.
728 3055 892 3116 Dorp.
930 3055 1065 3110 1827.
1101 3053 1282 3105 in-fol.

223 3179 264 3232 d
296 3121 366 3230 (ἔ)
403 3117 702 3228 minuata
735 3116 884 3168 hisce
917 3117 1115 3177 satyris
1149 3119 1331 3167 utrum
1365 3117 1600 3177 genuina
1632 3117 1703 3167 sit
1745 3129 1815 3169 an
1863 3118 2147 3180 supposita

271 3191 310 3231 u
356 3180 466 3230 itan
523 3179 599 3227 cri
628 3177 715 3227 ici.

298 3245 368 3299 (3)
407 3242 444 3289 Ι.
481 3239 636 3290 CAES.
676 3240 912 3298 Senio..
949 3239 1118 3298 poet„
1154 3250 1230 3295 vi,
1268 3242 1314 3294 6.
1350 3238 1397 3294 7;
1436 3240 1538 3299 vit,
1572 3244 1650 3291 98.

299 3306 369 3363 (4)
404 3302 464 3352 ln
503 3301 773 3362 plerisque
814 3302 980 3350 Persii
1015 3309 1069 3350 et
1094 3301 1723 3353 luvenaliseuitionibus
1746 3301 1944 3362 legitur
1966 3306 2149 3364 satyra

226 3367 270 3420 S
294 3368 374 3418 ul
391 3364 675 3428 piciae,
715 3368 993 3416 matronae
1027 3375 1303 3424 romanae,
1338 3375 1443 3424 qua
1473 3366 1529 3415 in
1565 3365 1859 3416 Domitiani
1901 3368 2148 3428 tempora
