2673 4295
951 383 1071 428 me.
1117 383 1198 429 iv.
1242 400 1269 411 -
1311 383 1441 428 GAP.
1488 383 1629 433 xm.
2119 371 2232 433 187
2327 424 2335 433 .

294 461 662 527 sabinianae
703 462 938 528 scholae
982 466 1195 527 famam
1238 484 1396 526 unus
1439 466 1704 527 omnium
1749 463 2047 527 tuebatur.
2096 466 2227 546 Hic,

292 544 692 622 imperatoris
736 545 923 614 iussu,
969 553 1230 607 veterum
1289 553 1629 624 praetorum
1693 545 1880 607 edicta
1946 546 2226 626 collegit,

299 640 464 685 nova
509 624 792 695 condidit,
837 644 904 685 ex
949 624 1164 705 quibus
1206 624 1426 686 exstitit
1466 624 1613 686 illud
1658 641 1872 704 corpus
1928 624 2078 687 iuris
2138 646 2231 691 ro·
2323 661 2327 666 ·

298 703 501 779 mani,
548 704 701 782 quod
746 704 1007 765 Edictum
1043 714 1372 786 perpetuum
1409 705 1519 767 fuit
1549 704 1910 784 appellatum
1944 705 2062 785 (1).
2095 707 2233 769 Mox

297 782 598 845 Antonini
641 782 731 844 Pii
774 791 831 847 et
871 785 1241 863 sequentium
1287 785 1712 863 imperatorum
1758 791 1948 848 aetate
1980 785 2222 866 plurimi
2319 829 2322 832 ι
2424 823 2433 837 -.

302 863 493 925 etiarn
536 863 945 924 iurisconsulti
991 872 1407 944 provenerunt,
1452 864 1608 927 inter
1650 881 1796 943 quos
1841 863 2103 942 eminent
2153 867 2226 930 L..

316 942 570 1005 Volusius
633 943 948 1004 Moecianus
975 992 990 1014 ,
1058 943 1213 1005 Titus
1260 942 1452 1020 Caius,
1500 943 1699 1006 Sextus
1745 944 2095 1023 Pomponius,
2151 944 2219 1019 Q.

309 1020 603 1085 Cervidius
633 1021 908 1093 Scaevola,
940 1020 1288 1085 Aemilianus
1322 1022 1685 1103 Papinianus,
1732 1024 2003 1084 Domitius
2037 1023 2227 1105 Ulpia·

303 1123 434 1178 nus,
469 1103 644 1163 Iulius
677 1102 927 1179 Paullus,
960 1102 1271 1164 Herennius
1299 1103 1658 1165 Modestinus.
1690 1102 1914 1164 Horum
1943 1121 2221 1183 responsa

303 1184 528 1261 passim
573 1182 634 1242 in
677 1181 984 1243 Pandectis
1027 1190 1373 1259 occurrunt,
1418 1200 1487 1245 eo
1530 1183 1665 1245 stilo
1709 1184 2072 1261 conscripta,
2119 1186 2221 1263 qui

270 1260 279 1268 ’
304 1281 558 1323 aureum
584 1261 754 1322 latini
776 1262 1065 1324 sermonis
1091 1261 1403 1325 candorem
1428 1262 1777 1342 plerumque
1808 1263 2021 1324 reddit.
2055 1262 2221 1335 Quod

303 1342 549 1421 quidem
593 1341 818 1403 nemini
861 1341 1078 1401 mirum
1126 1341 1439 1419 videbitur,
1487 1343 1881 1405 consideranti
1931 1342 2223 1405 iuriscon-

234 1463 245 1472 -
301 1422 601 1483 sultorum
632 1438 825 1483 mores
857 1429 912 1483 et
942 1420 1269 1498 ingenium,
1303 1421 1406 1500 qui
1436 1421 1982 1500 antiquissimarum
2021 1422 2218 1499 legum

306 1519 549 1563 earmen
593 1509 651 1582 et
692 1508 969 1581 concepta
1000 1499 1171 1562 verba
1205 1500 1504 1563 mordicus
1534 1508 1732 1563 tenere
1764 1510 2215 1563 consueverunt.

350 1619 357 1626 ·
386 1580 704 1658 Postquam
748 1598 893 1656 vero⁴
927 1579 1342 1643 Constantinus
1378 1579 1619 1658 Magnus
1637 1579 2039 1659 ,respondendi
2070 1581 2220 1644 iuris

299 1661 647 1722 facultatem
692 1658 1087 1738 prudentibus
1122 1660 1362 1735 ademit,
1409 1667 1467 1722 et
1507 1660 1615 1721 soli
1656 1661 1908 1740 principi
1939 1659 2031 1721 ius
2063 1661 2217 1739 leges

296 1739 734 1819 interpretandi
777 1758 903 1801 esse
945 1738 1152 1813 voluit,
1198 1756 1478 1801 romanae
1520 1739 2023 1818 iurisprudentiae
2080 1757 2218 1802 ora-

299 1820 437 1881 cula
482 1817 1060 1881 obmutuerunt..Ex
1101 1835 1170 1880 eo
1217 1827 1479 1898 tempore
1521 1819 1947 1897 imperatorum
1993 1820 2216 1881 consti-

301 1899 563 1960 tutiones
605 1916 713 1978 pro
740 1897 1004 1975 ,legibus
1048 1896 1306 1959 habitae.
1356 1897 1506 1960 Hinc
1572 1899 1755 1961 Codex
1802 1897 2170 1977 Greyorianus
2197 1950 2212 1978 ,

299 1979 794 2057 Hermoyenianus,
852 1978 1250 2038 Theudosianas
1278 1977 1391 2057 (2),
1428 1980 1823 2056 Iustinianeus‚
1858 1980 1930 2040 ad
1961 1996 2213 2059 quorum

298 2074 572 2119 normam
616 2059 710 2119 ius
752 2058 806 2119 ei
839 2057 1053 2137 populo
1082 2057 1449 2133 redderetur,
1484 2056 1555 2118 ad
1587 2076 1763 2136 quem
1787 2078 1997 2133 unum,
2024 2066 2214 2121 stante

295 2137 632 2221 republica,
676 2138 770 2200 ius
813 2135 1009 2215 legum
1055 2137 1492 2200 condendarum
1537 2138 1869 2217 pertinebat
1913 2138 2029 2219 (3).

1034 2303 1282 2368 CAPVT
1322 2304 1475 2366 ΧΙΠ.

909 2438 998 2483 m:
1054 2439 1562 2485 GRAMMArmA
1588 2470 1602 2484 .

298 2555 473 2617 Aulus
521 2553 749 2627 Gellius.
794 2586 873 2599 —-
921 2551 1271 2615 Censorinus.
1318 2585 1397 2596 —
1438 2551 1697 2614 Aurelius
1739 2552 2070 2614 Macrobius.
2132 2586 2208 2601 —

376 2635 689 2696 Martianus
732 2633 950 2695 Mineus
995 2631 1163 2693 Felix
1209 2630 1474 2712 Capella,
1522 2632 1728 2713 aliique
1770 2633 1870 2705 ,rei
1919 2652 2207 2712 gramma-

380 2717 519 2776 ticae
559 2715 875 2795 scriptores.

375 2846 495 2909 Nec
536 2866 640 2908 sua
686 2847 862 2908 etiam
907 2846 1161 2923 dignitas
1205 2846 1316 2907 hoc
1361 2851 1624 2922 tempore
1666 2844 2067 2921 grammaticis
2111 2846 2209 2907 de-

291 2925 431 3000 fuit,
465 2944 611 3006 quos
641 2927 1027 3005 imperatores
1057 2925 1434 3028 immunitate
1461 2924 1711 3003 aliisque
1741 2923 2043 2988 beneficiis
2079 2946 2211 3005 pas·

355 3081 418 3140 (1)
453 3079 508 3130 V.
544 3080 804 3140 Eu'mOP„
839 3081 968 3142 v111,
1006 3079 1081 3130 ΓΙ.
1107 3106 1161 3115 -
1188 3041 1247 3131 Α;
1276 3079 1331 3130 G.
1360 3080 1412 3130 S.
1438 3080 1718 3140 Famem,
1743 3080 1821 3131 De
1845 3078 2023 3131 edicto
2048 3078 2207 3130 Prae·

292 3143 400 3192 tor.
435 3142 554 3192 urb.
591 3141 909 3205 praesertim
941 3143 1221 3204 perpetuo.
1249 3143 1351 3194 Kil.
1380 3144 1519 3202 1830,
1545 3143 1698 3193 in-40.
1722 3168 1783 3178 —-
1804 3142 1861 3192 E.
1888 3142 1946 3191 Α.
1973 3143 2205 3203 Bmmm,

293 3202 374 3276 De
408 3204 579 3256 Salvii
614 3203 813 3290 Iuliani
847 3204 1060 3255 meritis
1094 3204 1162 3254 de
1196 3205 1376 3256 edicto
1410 3205 1685 3256 Praetoris
1708 3207 1811 3257 rite
1833 3203 2204 3255 aestimandis„

292 3264 883 3414 ιιέἒῗῇὃεοςὶῖὶιιῑῗξὲιξη,
935 3328 1079 3380 DiSS.
1132 3326 1198 3378 de
1247 3327 1589 3380 confectione
1639 3328 1769 3381 cod.
1814 3326 2205 3379 Theodosiani.

291 3388 878 3514 LegfflpdffizhinI-Idssh
916 3451 1215 3515 iurisprud.
1256 3464 1398 3504 rom.
