2673 4295
517 395 632 460 tot
1152 410 1470 457 msromu:
1502 407 1772 454 cnchn

1290 558 1527 623 CAPVT
1555 559 1668 658 ill.

1087 709 1177 754 DE
1230 708 1452 754 POESI
1510 706 1958 753 ntnAcrtcA.

528 862 893 927 Terentianus
934 861 1189 924 Maurus.
1234 894 1311 905 —
1363 860 1431 935 Q.
1478 859 1716 923 Serenus
1759 859 2169 923 Sammonicus.
2208 893 2288 906 —
2319 862 2458 925 Ne-

600 945 899 1014 mesianus.
943 974 1023 986 —
1064 941 1327 1002 Avienus.
1371 974 1453 985 —
1496 940 1841 1002 Priscianus.
1886 970 1968 987 -
2000 938 2268 1002 Claudius
2312 940 2457 1003 Ru·-

600 1024 754 1085 tilius
797 1021 1191 1085 Numatianus.
1237 1054 1315 1066 —-
1359 1020 1657 1099 Dionysius
1703 1019 1859 1082 Cato,

599 1208 834 1289 Septem
880 1211 1002 1272 fere
1045 1216 1474 1272 enumerantur
1514 1207 1789 1270 didactici
1832 1207 2010 1290 huius
2039 1205 2168 1270 aevi
2197 1209 2441 1286 poetae,

521 1307 773 1369 quorum
819 1289 921 1350 alii
965 1288 1081 1349 alia
1124 1296 1470 1366 argumenta
1512 1294 1652 1349 sunt
1706 1288 2020 1368 persecuti.
2085 1287 2157 1348 Et
2228 1285 2445 1348 Tereu-

521 1372 704 1430 tianus
746 1369 983 1448 quidem
1025 1369 1276 1443 Mum-us,
1321 1369 1561 1430 natione
1588 1368 1737 1444 aser,
1768 1386 1943 1447 quem
1980 1366 2250 1447 plerique
2280 1366 2440 1427 refe-

519 1456 660 1512 runt
702 1448 773 1509 ad
816 1447 1086 1527 Septimii
1128 1446 1326 1510 Severi
1370 1456 1428 1509 et
1469 1447 1802 1511 Caracallae
1843 1453 2093 1508 aetatem
2137 1444 2254 1526 (1),
2287 1450 2440 1525 poe—

523 1545 615 1587 ma
659 1526 921 1589 condidit
961 1528 1123 1589 vario
1164 1528 1496 1589 carminum
1540 1545 1773 1605 genere,
1810 1525 1892 1587 De
1921 1527 2147 1604 litteris,
2177 1526 2441 1604 syllabis,

518 1609 742 1687 pedibus
783 1617 836 1667 et
878 1609 1108 1684 metris,
1153 1614 1396 1669 venusta
1451 1607 1705 1685 quadam
1769 1605 2056 1683 elegantia
2123 1611 2182 1668 et
2240 1604 2443 1666 multa

523 1685 857 1748 eruditione
901 1686 1459 1749 commendandum.

608 1764 675 1839 Q.
722 1765 962 1828 Serenus
1002 1765 1407 1843 Sammonicus,
1454 1766 1740 1842 medicuS‚
1784 1763 1943 1827 inter
1984 1763 2358 1826 coenandum
2405 1782 2442 1824 a

523 1843 820 1907 Caracalla
865 1845 1229 1921 interfectus,
1285 1845 1590 1907 heroicum
1653 1862 1895 1907 carmen
1958 1841 2290 1924 composuit
2351 1843 2444 1905 Dc

523 1926 819 1985 medicina.
865 1924 969 1986 Vir
1010 1926 1102 1985 sui
1148 1924 1431 2015 temporis
1472 1924 1872 2000 doctissimus}
1917 1924 2102 1984 multa
2148 1923 2265 1984 huc
2294 1939 2438 1985 con-

522 2004 657 2064 tulit
698 2004 770 2064 ad
817 2003 1123 2066 historiam
1169 2014 1313 2066 arus
1342 2006 1620 2066 salutaris
1650 1998 2029 2083 pertinenlia.
2063 2002 2175 2065 Sed
2207 2002 2436 2063 humile

370 2057 465 2189 (Q
521 2082 828 2224 gsurpavit
868 2084 1164 2167 scribendi
1195 2103 1403 2164 genus,
1437 2103 1629 2166 neque
1661 2084 1798 2145 ullis
1828 2082 2073 2164 poeticis
2102 2081 2442 2144 luminibus

563 2163 896 2224 istinctum.
1013 2174 1017 2178 ’
1099 2164 1105 2172 ’

604 2243 686 2302 Μ.
722 2242 989 2305 Aurelius
1022 2243 1312 2325 Olympius
1333 2245 1717 2313 Nemesianus,
1744 2241 2099 2320 Carthagine
2122 2249 2312 2318 ortuS‚
2338 2260 2443 2304 ca·-

521 2328 608 2382 sta
633 2329 809 2413 atque
851 2322 1105 2401 eleganti
1129 2324 1387 2386 dictione
1410 2322 1659 2386 caeteris
1681 2323 1824 2391 afris
1848 2322 2238 2403 scriptoribus
2257 2323 2442 2400 longe

522 2401 836 2480 praestitit.
884 2401 1085 2463 Exstat
1126 2402 1255 2465 eius
1301 2403 1681 2482 Cyneyeticon,
1731 2421 1836 2465 seu
1881 2403 1963 2463 De
1988 2405 2278 2466 uenatione
2307 2420 2445 2464 car-

524 2498 660 2542 men
704 2481 775 2541 ad
821 2481 1099 2544 Carinum
1142 2490 1201 2545 et
1242 2481 1671 2545 Numerianum
1701 2532 1715 2560 ‚
1784 2501 1920 2544 cum
1982 2481 2208 2562 aliquot
2269 2482 2443 2560 frag-

523 2564 736 2622 mentis
782 2560 862 2621 De
903 2563 1136 2644 aucupio
1179 2562 1298 2643 (2)

604 2639 787 2720 Rufus
828 2641 1025 2703 Festus
1067 2642 1330 2712 Avienus,
1377 2641 1538 2704 claro
1568 2659 1785 2719 genere
1824 2649 2013 2718 ortuS,
2066 2641 2267 2702 floruit
2293 2639 2444 2702 Gra-

523 2717 685 2781 tiano
748 2727 806 2781 et
864 2719 1190 2783 Theodosio
1244 2720 1696 2802 imperantibus.
1745 2719 1851 2782 Hic
1910 2721 2074 2784 Arati
2126 2722 2444 2801 Φανιὸμενα

523 2817 595 2860 ex
622 2816 833 2876 graeco
862 2799 923 2860 in
953 2800 1204 2862 latinum
1234 2819 1568 2879 sermonem
1612 2800 1796 2862 nitide
1833 2802 2140 2875 convertit3
2172 2799 2440 2880 Dionysii

521 2877 902 2940 Alexandrini
931 2886 1162 2959 poema,
1196 2881 1353 2959 quod
1391 2880 1735 2944 inscribitur
1773 2890 2087 2969 Περιήγησις
2119 2887 2444 2965 οἰκουμένης

523 2957 792 3021 versibus
820 2959 1075 3022 heroicis
1106 2959 1531 3039 interpretatus
1559 2968 1667 3036 est3
1700 2961 2138 3042 Descriptionem
2167 2981 2296 3022 orae
2317 2982 2444 3022 ma-

523 3038 754 3102 ritimae
781 3060 816 3101 a
850 3039 1088 3101 Gadibus
1117 3041 1187 3101 ad
1215 3040 1532 3102 Massiliam
1560 3039 1830 3103 iambicis
1859 3041 2121 3104 versibus
2150 3040 2435 3112 exaravit,

586 3243 649 3301 (l)
685 3241 791 3293 Alii
827 3242 1088 3294 statualis
1122 3245 1408 3308 aequalem
1442 3246 1613 3299 tuisse
1647 3247 1999 3301 contendunt.
2037 3249 2099 3301 In
2132 3251 2282 3301 tanta
2307 3260 2445 3302 sen-

524 3303 823 3354 tentiarum
857 3305 1220 3368 discrepantia
1254 3319 1355 3359 nos
1390 3320 1507 3360 rem
1541 3311 1598 3361 in
1631 3311 1816 3362 medio
1847 3310 2233 3373 relinquimus.

586 3366 649 3424 (2)
684 3366 971 3429 Pet-peram
1021 3370 1273 3421 nonnulli
1326 3371 1500 3423 Eclo
1565 3382 1639 3424 as
1687 3384 1746 3422 1v
1795 3372 2042 3424 tribuunt
2088 3373 2377 3424 Nemesian

525 3437 658 3490 quas
704 3428 1005 3482 doctissimi
1038 3432 1238 3496 quique
1283 3432 1521 3497 Calpurn
1546 3446 1580 3486 o
1627 3435 1907 3487 vindicare
1953 3446 2065 3488 non
2098 3435 2393 3488 dubitarun
2424 3475 2443 3491 .
2542 3401 2607 3467 Ο
