2673 4295
544 401 623 463 80
1181 417 1498 463 HlSToRIAE
1540 414 1814 462 ciurchss

623 499 712 561 Ad
755 498 1047 561 iudicium
1092 500 1250 579 quod
1293 500 1504 561 attinet
1545 498 1618 559 de
1655 495 1944 559 ovidianis
1972 492 2340 558 carminibus
2370 495 2475 575 (1)

542 580 870 658 generatim
916 579 1361 659 proferendum,
1403 578 1491 653 sic
1533 576 1772 652 habeto,
1817 575 1880 637 in
1908 575 2052 655 ipsis
2081 574 2316 637 elucere
2345 578 2472 638 sin·

543 659 812 752 gularem
856 659 1153 737 quandam
1195 658 1412 719 urbani
1453 656 1677 735 ingenii
1719 655 1839 717 vim
1883 662 2059 734 atque
2105 655 2470 733 ubertatem;

541 738 952 801 incredibilem
1014 735 1328 800 verborum
1393 737 1756 800 celeritatem
1785 785 1798 806 ,
1866 753 1981 814 qua
2044 741 2130 795 tot
2171 735 2473 812 fugientes

541 818 933 897 fallentesque
994 836 1196 880 rerum
1259 817 1551 895 imagines
1613 814 1808 896 potuit
1867 821 2116 899 notarej
2184 822 2471 876 naturam

544 905 846 978 praeterea
890 896 1168 976 graphice
1211 904 1269 959 et
1313 897 1571 959 molliter
1612 912 1973 974 expressam.
2019 892 2135 955 Sed
2178 892 2292 955 hoc
2324 912 2474 973 prae

542 979 793 1039 caeteris
834 975 896 1035 in
940 974 1144 1039 Ovidio
1186 984 1273 1039 est
1314 974 1932 1050 animadvertendum,
1979 990 2096 1052 quo
2127 991 2159 1033 a
2215 973 2474 1052 reliquis

545 1056 734 1137 poetis
761 1054 963 1117 latinis
991 1056 1346 1119 secernitur.
1383 1055 1679 1117 Nimirum
1709 1072 1824 1133 qua
1855 1058 2204 1132 tempestate
2232 1055 2475 1116 romani

544 1140 753 1216 poetae
797 1135 904 1196 toti
946 1143 1143 1199 essent
1180 1137 1243 1197 in
1285 1134 1646 1197 Graecorum
1689 1133 2047 1209 imitatione,
2092 1132 2220 1211 ipse
2251 1151 2409 1195 unus
2440 1153 2477 1196 e

586 1215 858 1294 erpaucis
900 1214 1035 1290 fuit,
1080 1216 1181 1295 qui
1225 1214 1452 1275 nullius
1494 1214 1739 1291 vestigia
1781 1220 2035 1280 secutus,
2082 1211 2236 1272 nulli
2273 1211 2476 1290 pulcri

543 1234 895 1373 gisciplinae
939 1294 1227 1364 addictus,
1273 1293 1504 1354 vultum
1547 1292 1770 1373 ubique
1812 1310 1988 1354 suum
2030 1291 2116 1353 sic
2157 1299 2428 1353 servaret
2455 1341 2474 1370 ‚

546 1380 613 1434 ut
653 1373 853 1434 varius
896 1373 1133 1452 quidem
1180 1381 1236 1435 et
1278 1373 1614 1452 multiplex,
1659 1372 1763 1434 sed
1805 1388 2111 1451 nunquam
2155 1370 2249 1430 sui
2291 1371 2477 1433 dissi-

546 1452 706 1514 milis
747 1461 1052 1532 appareat.
1097 1452 1257 1515 Nihil
1287 1459 1596 1533 praeterea
1623 1451 1742 1513 nisi
1775 1450 2159 1514 vernaculum
2189 1457 2250 1511 et
2277 1467 2479 1512 roma-

544 1550 691 1593 num
722 1532 794 1594 de
838 1533 1028 1610 ingit3
1083 1533 1256 1612 plane
1299 1541 1367 1594 ut
1408 1532 1459 1594 si
1501 1533 1751 1607 deesset,
1796 1530 1982 1595 multa
2025 1529 2471 1607 ignorarentur,

547 1629 781 1753 ‹tluaeta
871 1629 1181 1674 romanam
1216 1613 1556 1690 Augusteae
1611 1610 1821 1674 aetatis
1874 1608 2295 1689 antiquitatem
2337 1627 2481 1690 per-

574 1706 718 1754 men
753 1736 767 1751 .
1316 1718 1319 1721 π

625 1770 868 1833 Praeter
909 1770 1229 1846 Catullum,
1273 1770 1602 1844 Tibullum,
1645 1767 2026 1849 Propertium
2070 1776 2129 1831 et
2170 1766 2476 1846 Ovidium,

547 1849 946 1928 elegiacorum
977 1856 1284 1928 poetarum
1315 1851 1553 1912 laudem
1585 1849 1852 1913 tulerunt
1877 1848 2056 1910 Aulus
2085 1847 2327 1912 Sabinus
2355 1848 2474 1927 (2),

556 1932 625 1993 T.
683 1929 902 2010 Valgius
944 1930 1125 2009 Rufus
1193 1930 1260 2009 3)
1310 1928 1599 1991 Cornelius
1646 1927 1833 1989 Gallus
1872 1946 1906 1988 a
1960 1927 2210 2006 Virgilio
2260 1927 2482 1989 lauda-

546 2016 643 2071 tus
680 2009 801 2087 (4),
853 2008 916 2072 C.
966 2009 1109 2071 Pedo
1207 2010 1528 2072 lbinovamcs
1570 2007 1668 2088 (5)
1710 2007 1957 2088 aliique,
2001 2026 2258 2088 quorum
2293 2024 2480 2086 opera

548 2087 985 2161 interciderunt
1024 2088 1144 2170 (6).
1199 2152 1206 2158 ,

611 2275 673 2333 (l)
707 2272 889 2324 Ovidii
922 2285 1090 2337 opera
1121 2274 1361 2334 elegiaco
1393 2273 1634 2324 carmine
1668 2275 1799 2323 sunt
1828 2274 2038 2325 conseri
2084 2277 2150 2332 ta,
2174 2272 2222 2323 si
2255 2272 2488 2323 Meta.-

550 2335 858 2396 morphe
880 2346 1000 2385 ses
1033 2335 1275 2397 excipias
1308 2333 1854 2397 etHalieutica,
1879 2336 1938 2386 in
1957 2338 2049 2397 qut
2091 2346 2155 2386 us
2175 2333 2486 2391 condendis

549 2397 791 2447 carmine
826 2396 1048 2447 heroico
1082 2408 1215 2447 usus
1249 2395 1348 2446 esl.

613 2460 674 2516 (2)
709 2459 847 2509 Sunt
880 2459 974 2522 qui
1017 2460 1225 2521 putent,
1268 2458 1479 2519 aliquot
1526 2467 1598 2507 ex
1645 2455 1965 2510 heroidibus
2013 2457 2287 2511 ovidianis
2334 2457 2486 2511 Aulo

551 2519 754 2571 Sabino
788 2531 908 2571 esse
940 2519 1277 2582 tribuendaS,
1313 2521 1469 2571 cuius
1500 2518 1725 2570 nomine
1758 2522 1870 2569 tres
1903 2520 2040 2571 alias
2075 2520 2336 2583 epistolas
2382 2519 2488 2578 ba*

552 2581 747 2633 bemus
802 2583 1101 2644 Ulyssis
1150 2592 1349 2643 nempe
1397 2582 1465 2632 ad
1514 2582 2004 2644 penelopem,
2053 2581 2488 2645 Demopho-

552 2644 762 2697 ontis
794 2643 877 2695 ad
916 2644 1374 2706 Phyllidem,
1410 2642 1717 2694 Paridis
1749 2641 1819 2693 ad
1853 2642 2266 2695 Oenonem.

553 2769 584 2819 9
616 2707 680 2817 (ἓ)
710 2705 789 2817 {e
809 2705 973 2818 tRufoI
996 2707 1122 2819 vige
1144 2706 1397 2818 gisona,
1435 2715 1509 2765 ιν,
1546 2706 1589 2766 1,
1627 2708 1733 2757 180.
1770 2729 1832 2739 —-
1863 2705 1941 2757 Cf.
1978 2705 2214 2764 Horum„
2252 2705 2348 2757 od.
2406 2707 2450 2757 11
2476 2745 2491 2768 ,

495 2785 499 2789 ’
589 2805 602 2828 ο
687 2788 700 2827 ὅ
775 2777 806 2816 a
831 2778 914 2829 yr·
983 2808 995 2828 ν
1098 2807 1110 2827 v
1213 2808 1222 2818 ·

617 2830 681 2899 (4)
712 2827 825 2899 ,¹3⁰¹-
860 2842 965 2903 χχ-
987 2830 1306 2902 Fuit-Corn.
1344 2828 1564 2900 Asinius
1598 2827 1808 2901 (glalius,
1823 2828 1998 2882 Asinii
2018 2829 2288 2880 Pollionis
2310 2828 2487 2890 filius,

553 2899 794 3023 azar?
827 2890 2495 3024 ἓ)ὮςοπεῃΕὲεὲςῗὲεἏῖωώἳῃὲὲῑέἓῗὶεεὲξεθῖῑῖὶἓξὲξ-ας

557 3011 774 3125 (Ilicfflur.
812 3013 866 3065 V.
905 3016 1142 3066 vossnm
1173 3014 1241 3067 ad
1276 3014 1413 3075 Virg.
1449 3014 1560 3066 Ecl.
1595 3014 1679 3076 vl,
1715 3017 1792 3065 64.
1825 3040 1887 3051 —-
1918 3014 2162 3076 Fumo„
2208 3013 2346 3065 Bihl.
2384 3015 2488 3067 lat.

621 3137 682 3195 (5)
704 3133 842 3187 Huic
865 3136 1178 3189 tribuuntur
1210 3137 1246 3189 C
1267 3148 1353 3189 on
1371 3148 1397 3187 s
1416 3137 1660 3188 olatio
1692 3149 1723 3189 a
1741 3137 1776 3189 d
1809 3137 2082 3190 Liviam
2115 3138 2494 3198 Augustam

559 3197 641 3249 de
675 3201 909 3250 morte
941 3199 1170 3251 Drusi
1202 3199 1560 3260 Neronis;
1597 3199 1982 3261 Fragmentum
2029 3200 2120 3250 De
2164 3200 2495 3260 naviga-

559 3258 771 3312 tione
804 3260 1028 3312 Drusi
1062 3261 1495 3333 Germanici
1528 3271 1655 3324 per
1689 3271 2040 3312 oceanum
2065 3261 2497 3325 septentrio-

559 3321 1227 3384 nalem;Elegia1n
1259 3322 1556 3377 obitum
1592 3322 1660 3375 C.
1697 3322 2183 3375 Maecenatis.

625 3385 686 3443 (6)
717 3385 774 3435 V.
811 3387 1082 3437 Soucnu.
1127 3380 1422 3437 Troisieme
1454 3385 1706 3438 discours
1738 3396 1839 3435 sur
1861 3382 1938 3438 les
1968 3380 2258 3449 poetesele
2292 3386 2498 3448 iaques

563 3444 694 3504 (Vol.
728 3446 827 3497 xvl
848 3446 957 3502 ,des
992 3445 1284 3497 Memoires
1314 3446 1382 3497 de
1413 3446 1747 3499 l’Academie
1781 3446 1877 3499 des
1908 3448 2080 3499 Inscr.
2117 3449 2173 3498 et
2206 3447 2244 3498 B
2295 3486 2307 3498 .
2344 3447 2492 3506 LL.).
