<?xml version="1.0" encoding="UTF-8"?>
<!DOCTYPE html PUBLIC "-//W3C//DTD XHTML 1.0 Transitional//EN"
    "http://www.w3.org/TR/xhtml1/DTD/xhtml1-transitional.dtd">
<html xmlns="http://www.w3.org/1999/xhtml" xml:lang="en" lang="en">
 <head>
  <title>
</title>
<meta http-equiv="Content-Type" content="text/html;charset=utf-8" />
  <meta name='ocr-system' content='tesseract 3.04.00' />
  <meta name='ocr-capabilities' content='ocr_page ocr_carea ocr_par ocr_line ocrx_word'/>
</head>
<body>
  <div class='ocr_page' id='page_1' title='image "./historiacritica00vallgoog_0114.png"; bbox 0 0 2673 4295; ppageno 0'>
   <div class='ocr_carea' id='block_1_1' title="bbox 534 388 1763 463">
    <p class='ocr_par' dir='ltr' id='par_1_1' title="bbox 534 388 1763 463">
     <span class='ocr_line' id='line_1_1' title="bbox 534 388 1763 463; baseline -0.004 -13"><span class='ocrx_word' id='word_1_1' title='bbox 534 388 650 451; x_wconf 70' lang='lat'>106</span> <span class='ocrx_word' id='word_1_2' title='bbox 787 457 791 463; x_wconf 51' lang='grc'><strong>,</strong></span> <span class='ocrx_word' id='word_1_3' title='bbox 1128 400 1443 447; x_wconf 72' lang='lat' dir='ltr'>msromAss</span> <span class='ocrx_word' id='word_1_4' title='bbox 1487 399 1763 446; x_wconf 61' lang='lat' dir='ltr'>cau-mim</span> 
     </span>
    </p>
   </div>
   <div class='ocr_carea' id='block_1_2' title="bbox 476 480 2472 2630">
    <p class='ocr_par' dir='ltr' id='par_1_2' title="bbox 530 480 2472 958">
     <span class='ocr_line' id='line_1_2' title="bbox 531 480 2468 562; baseline -0.003 -15"><span class='ocrx_word' id='word_1_5' title='bbox 531 486 811 548; x_wconf 88' lang='lat' dir='ltr'>tuendam</span> <span class='ocrx_word' id='word_1_6' title='bbox 854 491 913 548; x_wconf 88' lang='lat' dir='ltr'>et</span> <span class='ocrx_word' id='word_1_7' title='bbox 941 484 1248 545; x_wconf 79' lang='lat' dir='ltr'>tutandam</span> <span class='ocrx_word' id='word_1_8' title='bbox 1279 487 1637 557; x_wconf 85' lang='lat' dir='ltr'>sanxerunt3</span> <span class='ocrx_word' id='word_1_9' title='bbox 1671 480 1887 562; x_wconf 89' lang='lat' dir='ltr'>quibus</span> <span class='ocrx_word' id='word_1_10' title='bbox 1918 480 2139 543; x_wconf 87' lang='lat' dir='ltr'>multae</span> <span class='ocrx_word' id='word_1_11' title='bbox 2169 480 2468 543; x_wconf 86' lang='lat' dir='ltr'>animad-</span> 
     </span>
     <span class='ocr_line' id='line_1_3' title="bbox 530 560 2466 700; baseline -0.006 -68"><span class='ocrx_word' id='word_1_12' title='bbox 530 567 828 632; x_wconf 65' lang='lat' dir='ltr'>versiones</span> <span class='ocrx_word' id='word_1_13' title='bbox 890 564 1179 627; x_wconf 88' lang='lat' dir='ltr'>accedunt</span> <span class='ocrx_word' id='word_1_14' title='bbox 1232 567 1304 624; x_wconf 78' lang='lat' dir='ltr'>ex</span> <span class='ocrx_word' id='word_1_15' title='bbox 1341 560 1719 700; x_wconf 82' lang='lat' dir='ltr'>philosophia</span> <span class='ocrx_word' id='word_1_16' title='bbox 1782 569 1840 622; x_wconf 81' lang='lat' dir='ltr'>et</span> <span class='ocrx_word' id='word_1_17' title='bbox 1881 561 2039 621; x_wconf 89' lang='lat' dir='ltr'>civili</span> <span class='ocrx_word' id='word_1_18' title='bbox 2083 561 2408 639; x_wconf 87' lang='lat' dir='ltr'>prudentia</span> <span class='ocrx_word' id='word_1_19' title='bbox 2445 610 2466 641; x_wconf 89' lang='lat'>‚</span> 
     </span>
     <span class='ocr_line' id='line_1_4' title="bbox 531 640 2472 724; baseline -0.002 -17"><span class='ocrx_word' id='word_1_20' title='bbox 531 645 897 724; x_wconf 86' lang='lat' dir='ltr'>depromtae.</span> <span class='ocrx_word' id='word_1_21' title='bbox 941 642 1228 706; x_wconf 89' lang='lat' dir='ltr'><strong>Omnibus</strong></span> <span class='ocrx_word' id='word_1_22' title='bbox 1272 650 1336 701; x_wconf 92' lang='lat' dir='ltr'>tu</span> <span class='ocrx_word' id='word_1_23' title='bbox 1367 641 1541 703; x_wconf 90' lang='lat' dir='ltr'>lianis</span> <span class='ocrx_word' id='word_1_24' title='bbox 1569 640 1849 722; x_wconf 87' lang='lat' dir='ltr'>operibus</span> <span class='ocrx_word' id='word_1_25' title='bbox 1878 640 2305 721; x_wconf 83' lang='lat' dir='ltr'>philosophicis</span> <span class='ocrx_word' id='word_1_26' title='bbox 2340 642 2472 704; x_wconf 82' lang='lat' dir='ltr'>hoc</span> 
     </span>
     <span class='ocr_line' id='line_1_5' title="bbox 533 720 2466 803; baseline -0.002 -17"><span class='ocrx_word' id='word_1_27' title='bbox 533 744 659 787; x_wconf 89' lang='lat' dir='ltr'>esse</span> <span class='ocrx_word' id='word_1_28' title='bbox 690 723 1166 803; x_wconf 87' lang='lat' dir='ltr'>anteponendum</span> <span class='ocrx_word' id='word_1_29' title='bbox 1197 720 1520 783; x_wconf 82' lang='lat' dir='ltr'>concordes</span> <span class='ocrx_word' id='word_1_30' title='bbox 1550 728 1842 783; x_wconf 81' lang='lat' dir='ltr'><strong>testantur</strong></span> <span class='ocrx_word' id='word_1_31' title='bbox 1870 720 2062 782; x_wconf 87' lang='lat' dir='ltr'>critici</span> <span class='ocrx_word' id='word_1_32' title='bbox 2093 720 2466 784; x_wconf 85' lang='lat' dir='ltr'>doctissimi.</span> 
     </span>
     <span class='ocr_line' id='line_1_6' title="bbox 531 799 2471 880; baseline -0.001 -15"><span class='ocrx_word' id='word_1_33' title='bbox 531 799 858 866; x_wconf 88' lang='lat' dir='ltr'>Dolendum</span> <span class='ocrx_word' id='word_1_34' title='bbox 889 802 1095 880; x_wconf 83' lang='lat' dir='ltr'>igitur,</span> <span class='ocrx_word' id='word_1_35' title='bbox 1127 800 1324 880; x_wconf 88' lang='lat' dir='ltr'>aliqua</span> <span class='ocrx_word' id='word_1_36' title='bbox 1358 800 1662 861; x_wconf 80' lang='lat' dir='ltr'>dumtaxat</span> <span class='ocrx_word' id='word_1_37' title='bbox 1688 801 2043 878; x_wconf 85' lang='lat' dir='ltr'>fragmenta,</span> <span class='ocrx_word' id='word_1_38' title='bbox 2074 800 2243 861; x_wconf 90' lang='lat' dir='ltr'>nullo</span> <span class='ocrx_word' id='word_1_39' title='bbox 2272 819 2471 880; x_wconf 81' lang='lat' dir='ltr'>saepe</span> 
     </span>
     <span class='ocr_line' id='line_1_7' title="bbox 532 878 2282 958; baseline -0.004 -13"><span class='ocrx_word' id='word_1_40' title='bbox 532 883 689 947; x_wconf 91' lang='lat' dir='ltr'>inter</span> <span class='ocrx_word' id='word_1_41' title='bbox 731 902 792 944; x_wconf 91' lang='lat' dir='ltr'>se</span> <span class='ocrx_word' id='word_1_42' title='bbox 833 883 1070 944; x_wconf 85' lang='lat' dir='ltr'>vinculo</span> <span class='ocrx_word' id='word_1_43' title='bbox 1115 878 1467 950; x_wconf 85' lang='lat' dir='ltr'>consociata,</span> <span class='ocrx_word' id='word_1_44' title='bbox 1517 880 1589 941; x_wconf 88' lang='lat' dir='ltr'>ad</span> <span class='ocrx_word' id='word_1_45' title='bbox 1633 897 1740 941; x_wconf 91' lang='lat' dir='ltr'>nos</span> <span class='ocrx_word' id='word_1_46' title='bbox 1782 879 2119 958; x_wconf 87' lang='lat' dir='ltr'>pervenisse</span> <span class='ocrx_word' id='word_1_47' title='bbox 2162 878 2282 958; x_wconf 85' lang='lat'>(1).</span> 
     </span>
    </p>

    <p class='ocr_par' dir='ltr' id='par_1_3' title="bbox 476 958 2472 2630">
     <span class='ocr_line' id='line_1_8' title="bbox 613 958 2469 1041; baseline -0.001 -18"><span class='ocrx_word' id='word_1_48' title='bbox 613 961 722 1024; x_wconf 91' lang='lat' dir='ltr'>Hic</span> <span class='ocrx_word' id='word_1_49' title='bbox 765 960 988 1041; x_wconf 78' lang='lat' dir='ltr'>siquis</span> <span class='ocrx_word' id='word_1_50' title='bbox 1032 962 1183 1022; x_wconf 81' lang='lat' dir='ltr'>sorte</span> <span class='ocrx_word' id='word_1_51' title='bbox 1241 961 1541 1039; x_wconf 89' lang='lat' dir='ltr'>requirat,</span> <span class='ocrx_word' id='word_1_52' title='bbox 1608 959 1852 1038; x_wconf 85' lang='lat' dir='ltr'>quinam</span> <span class='ocrx_word' id='word_1_53' title='bbox 1918 958 2100 1020; x_wconf 86' lang='lat' dir='ltr'>suerit</span> <span class='ocrx_word' id='word_1_54' title='bbox 2164 958 2469 1021; x_wconf 78' lang='lat' dir='ltr'>tullianae</span> 
     </span>
     <span class='ocr_line' id='line_1_9' title="bbox 535 1037 2468 1121; baseline -0.001 -20"><span class='ocrx_word' id='word_1_55' title='bbox 535 1040 946 1121; x_wconf 86' lang='lat' dir='ltr'>philosophiae</span> <span class='ocrx_word' id='word_1_56' title='bbox 1009 1040 1139 1102; x_wconf 88' lang='lat' dir='ltr'>fons</span> <span class='ocrx_word' id='word_1_57' title='bbox 1202 1039 1581 1118; x_wconf 87' lang='lat' dir='ltr'>praecipuus,</span> <span class='ocrx_word' id='word_1_58' title='bbox 1627 1039 1748 1117; x_wconf 88' lang='lat' dir='ltr'>aio,</span> <span class='ocrx_word' id='word_1_59' title='bbox 1793 1037 2133 1100; x_wconf 85' lang='lat' dir='ltr'>Ciceronem</span> <span class='ocrx_word' id='word_1_60' title='bbox 2179 1056 2209 1098; x_wconf 88' lang='lat' dir='ltr'>a</span> <span class='ocrx_word' id='word_1_61' title='bbox 2257 1038 2468 1117; x_wconf 87' lang='lat' dir='ltr'>prima</span> 
     </span>
     <span class='ocr_line' id='line_1_10' title="bbox 534 1117 2466 1195; baseline -0.002 -13"><span class='ocrx_word' id='word_1_62' title='bbox 534 1122 673 1183; x_wconf 88' lang='lat' dir='ltr'>inde</span> <span class='ocrx_word' id='word_1_63' title='bbox 702 1126 892 1183; x_wconf 90' lang='lat' dir='ltr'>aetate</span> <span class='ocrx_word' id='word_1_64' title='bbox 923 1120 994 1179; x_wconf 89' lang='lat' dir='ltr'>ad</span> <span class='ocrx_word' id='word_1_65' title='bbox 1025 1136 1318 1181; x_wconf 89' lang='lat' dir='ltr'>summam</span> <span class='ocrx_word' id='word_1_66' title='bbox 1351 1124 1739 1194; x_wconf 87' lang='lat' dir='ltr'>senectutem,</span> <span class='ocrx_word' id='word_1_67' title='bbox 1785 1117 2052 1179; x_wconf 89' lang='lat' dir='ltr'>omnium</span> <span class='ocrx_word' id='word_1_68' title='bbox 2095 1134 2466 1195; x_wconf 85' lang='lat' dir='ltr'>graecorum</span> 
     </span>
     <span class='ocr_line' id='line_1_11' title="bbox 537 1197 2465 1281; baseline -0.002 -20"><span class='ocrx_word' id='word_1_69' title='bbox 537 1200 1024 1281; x_wconf 89' lang='lat' dir='ltr'>philosophorum</span> <span class='ocrx_word' id='word_1_70' title='bbox 1068 1197 1593 1275; x_wconf 87' lang='lat' dir='ltr'>studiosissimum,</span> <span class='ocrx_word' id='word_1_71' title='bbox 1638 1198 1945 1259; x_wconf 81' lang='lat' dir='ltr'>Platonem</span> <span class='ocrx_word' id='word_1_72' title='bbox 1991 1214 2133 1275; x_wconf 89' lang='lat' dir='ltr'>prae</span> <span class='ocrx_word' id='word_1_73' title='bbox 2198 1197 2465 1258; x_wconf 86' lang='lat' dir='ltr'>caeteris</span> 
     </span>
     <span class='ocr_line' id='line_1_12' title="bbox 537 1275 2469 1356; baseline -0.002 -15"><span class='ocrx_word' id='word_1_74' title='bbox 537 1281 866 1353; x_wconf 87' lang='lat' dir='ltr'>adamasse,</span> <span class='ocrx_word' id='word_1_75' title='bbox 912 1285 1089 1356; x_wconf 85' lang='lat' dir='ltr'>atque</span> <span class='ocrx_word' id='word_1_76' title='bbox 1132 1276 1204 1337; x_wconf 91' lang='lat' dir='ltr'>ad</span> <span class='ocrx_word' id='word_1_77' title='bbox 1251 1276 1725 1356; x_wconf 86' lang='lat' dir='ltr'>academicorum</span> <span class='ocrx_word' id='word_1_78' title='bbox 1774 1277 2103 1338; x_wconf 84' lang='lat' dir='ltr'>doctrinam</span> <span class='ocrx_word' id='word_1_79' title='bbox 2146 1275 2300 1337; x_wconf 91' lang='lat' dir='ltr'>sein</span> <span class='ocrx_word' id='word_1_80' title='bbox 2330 1277 2469 1355; x_wconf 87' lang='lat' dir='ltr'>pri-</span> 
     </span>
     <span class='ocr_line' id='line_1_13' title="bbox 539 1355 2466 1437; baseline -0.002 -17"><span class='ocrx_word' id='word_1_81' title='bbox 539 1359 652 1420; x_wconf 86' lang='lat' dir='ltr'>mis</span> <span class='ocrx_word' id='word_1_82' title='bbox 693 1356 1047 1437; x_wconf 84' lang='lat' dir='ltr'>applicuisse</span> <span class='ocrx_word' id='word_1_83' title='bbox 1075 1406 1090 1434; x_wconf 87' lang='lat'>‚</span> <span class='ocrx_word' id='word_1_84' title='bbox 1136 1356 1292 1436; x_wconf 88' lang='lat' dir='ltr'>quod</span> <span class='ocrx_word' id='word_1_85' title='bbox 1338 1355 1448 1419; x_wconf 87' lang='lat' dir='ltr'>hac</span> <span class='ocrx_word' id='word_1_86' title='bbox 1490 1363 1785 1417; x_wconf 87' lang='lat' dir='ltr'>oratorem</span> <span class='ocrx_word' id='word_1_87' title='bbox 1836 1358 2090 1418; x_wconf 86' lang='lat' dir='ltr'>maxime</span> <span class='ocrx_word' id='word_1_88' title='bbox 2142 1355 2220 1417; x_wconf 92' lang='lat' dir='ltr'>ali</span> <span class='ocrx_word' id='word_1_89' title='bbox 2276 1356 2466 1417; x_wconf 90' lang='lat' dir='ltr'>adiu-</span> 
     </span>
     <span class='ocr_line' id='line_1_14' title="bbox 538 1434 2467 1518; baseline 0 -21"><span class='ocrx_word' id='word_1_90' title='bbox 538 1438 780 1518; x_wconf 78' lang='lat' dir='ltr'>varique</span> <span class='ocrx_word' id='word_1_91' title='bbox 825 1436 1220 1498; x_wconf 84' lang='lat' dir='ltr'>arbitraretur</span> <span class='ocrx_word' id='word_1_92' title='bbox 1262 1435 1384 1516; x_wconf 72' lang='lat'>(2).</span> <span class='ocrx_word' id='word_1_93' title='bbox 1429 1434 1553 1507; x_wconf 90' lang='lat' dir='ltr'>Qua</span> <span class='ocrx_word' id='word_1_94' title='bbox 1599 1442 1795 1497; x_wconf 87' lang='lat' dir='ltr'>tamen</span> <span class='ocrx_word' id='word_1_95' title='bbox 1838 1436 1900 1496; x_wconf 93' lang='lat' dir='ltr'>in</span> <span class='ocrx_word' id='word_1_96' title='bbox 1946 1453 2010 1497; x_wconf 91' lang='lat' dir='ltr'>re</span> <span class='ocrx_word' id='word_1_97' title='bbox 2054 1453 2124 1497; x_wconf 94' lang='lat' dir='ltr'>eo</span> <span class='ocrx_word' id='word_1_98' title='bbox 2178 1452 2467 1515; x_wconf 85' lang='lat' dir='ltr'>praeser-</span> 
     </span>
     <span class='ocr_line' id='line_1_15' title="bbox 540 1514 2466 1596; baseline 0.001 -19"><span class='ocrx_word' id='word_1_99' title='bbox 540 1517 646 1577; x_wconf 85' lang='lat' dir='ltr'>tim</span> <span class='ocrx_word' id='word_1_100' title='bbox 691 1517 922 1578; x_wconf 89' lang='lat' dir='ltr'>videtur</span> <span class='ocrx_word' id='word_1_101' title='bbox 964 1523 1279 1596; x_wconf 78' lang='lat' dir='ltr'>spectasse,</span> <span class='ocrx_word' id='word_1_102' title='bbox 1326 1522 1392 1575; x_wconf 92' lang='lat' dir='ltr'>ut</span> <span class='ocrx_word' id='word_1_103' title='bbox 1432 1514 1736 1577; x_wconf 91' lang='lat' dir='ltr'>doctrinae</span> <span class='ocrx_word' id='word_1_104' title='bbox 1778 1514 2147 1593; x_wconf 89' lang='lat' dir='ltr'>varietatem,</span> <span class='ocrx_word' id='word_1_105' title='bbox 2187 1514 2466 1579; x_wconf 88' lang='lat' dir='ltr'>adhibito</span> 
     </span>
     <span class='ocr_line' id='line_1_16' title="bbox 539 1594 2466 1676; baseline 0 -19"><span class='ocrx_word' id='word_1_106' title='bbox 539 1596 779 1657; x_wconf 28' lang='lat' dir='ltr'>iudicio*</span> <span class='ocrx_word' id='word_1_107' title='bbox 806 1604 862 1657; x_wconf 90' lang='lat' dir='ltr'>et</span> <span class='ocrx_word' id='word_1_108' title='bbox 903 1595 1276 1666; x_wconf 61' lang='lat' dir='ltr'>delectu‚.ad</span> <span class='ocrx_word' id='word_1_109' title='bbox 1319 1594 1650 1671; x_wconf 84' lang='lat' dir='ltr'>elegantem</span> <span class='ocrx_word' id='word_1_110' title='bbox 1695 1594 1848 1676; x_wconf 79' lang='lat' dir='ltr'>vitae</span> <span class='ocrx_word' id='word_1_111' title='bbox 1892 1600 1949 1656; x_wconf 88' lang='lat' dir='ltr'>et</span> <span class='ocrx_word' id='word_1_112' title='bbox 1992 1595 2466 1675; x_wconf 86' lang='lat' dir='ltr'>philosophandi</span> 
     </span>
     <span class='ocr_line' id='line_1_17' title="bbox 540 1674 2467 1755; baseline 0.001 -20"><span class='ocrx_word' id='word_1_113' title='bbox 540 1684 718 1736; x_wconf 87' lang='lat' dir='ltr'>usum</span> <span class='ocrx_word' id='word_1_114' title='bbox 763 1675 1258 1737; x_wconf 85' lang='lat' dir='ltr'>accommodaret.</span> <span class='ocrx_word' id='word_1_115' title='bbox 1307 1674 1616 1736; x_wconf 90' lang='lat' dir='ltr'>Caeterum</span> <span class='ocrx_word' id='word_1_116' title='bbox 1648 1691 1831 1751; x_wconf 88' lang='lat' dir='ltr'>quum</span> <span class='ocrx_word' id='word_1_117' title='bbox 1903 1674 2234 1754; x_wconf 89' lang='lat' dir='ltr'>hilosophia</span> <span class='ocrx_word' id='word_1_118' title='bbox 2267 1693 2467 1755; x_wconf 90' lang='lat' dir='ltr'>usque</span> 
     </span>
     <span class='ocr_line' id='line_1_18' title="bbox 543 1753 2468 1818; baseline 0 -3"><span class='ocrx_word' id='word_1_119' title='bbox 543 1754 616 1815; x_wconf 86' lang='lat' dir='ltr'>ad</span> <span class='ocrx_word' id='word_1_120' title='bbox 661 1754 970 1814; x_wconf 87' lang='lat' dir='ltr'>tullianam</span> <span class='ocrx_word' id='word_1_121' title='bbox 1016 1760 1268 1816; x_wconf 89' lang='lat' dir='ltr'>aetatem</span> <span class='ocrx_word' id='word_1_122' title='bbox 1311 1753 1575 1815; x_wconf 88' lang='lat' dir='ltr'>nondum</span> <span class='ocrx_word' id='word_1_123' title='bbox 1620 1753 1829 1815; x_wconf 83' lang='lat' dir='ltr'>fuisset</span> <span class='ocrx_word' id='word_1_124' title='bbox 1894 1755 2071 1815; x_wconf 90' lang='lat' dir='ltr'>atinis</span> <span class='ocrx_word' id='word_1_125' title='bbox 2114 1753 2329 1818; x_wconf 90' lang='lat' dir='ltr'>litteris</span> <span class='ocrx_word' id='word_1_126' title='bbox 2360 1774 2468 1817; x_wconf 86' lang='lat' dir='ltr'>ex-</span> 
     </span>
     <span class='ocr_line' id='line_1_19' title="bbox 543 1832 2468 1913; baseline 0.001 -19"><span class='ocrx_word' id='word_1_127' title='bbox 543 1834 759 1913; x_wconf 82' lang='lat' dir='ltr'>plicata</span> <span class='ocrx_word' id='word_1_128' title='bbox 804 1834 923 1913; x_wconf 84' lang='lat'>(3),</span> <span class='ocrx_word' id='word_1_129' title='bbox 970 1832 1174 1895; x_wconf 88' lang='lat' dir='ltr'>Cicero</span> <span class='ocrx_word' id='word_1_130' title='bbox 1218 1833 1447 1913; x_wconf 90' lang='lat' dir='ltr'>primus</span> <span class='ocrx_word' id='word_1_131' title='bbox 1490 1850 1619 1895; x_wconf 90' lang='lat' dir='ltr'>eam</span> <span class='ocrx_word' id='word_1_132' title='bbox 1664 1841 1822 1895; x_wconf 84' lang='lat' dir='ltr'>recte</span> <span class='ocrx_word' id='word_1_133' title='bbox 1865 1833 2219 1911; x_wconf 88' lang='lat' dir='ltr'>illustravit,</span> <span class='ocrx_word' id='word_1_134' title='bbox 2266 1841 2325 1895; x_wconf 87' lang='lat' dir='ltr'>et</span> <span class='ocrx_word' id='word_1_135' title='bbox 2368 1835 2468 1896; x_wconf 89' lang='lat' dir='ltr'>lu-</span> 
     </span>
     <span class='ocr_line' id='line_1_20' title="bbox 476 1911 2464 1994; baseline 0.004 -26"><span class='ocrx_word' id='word_1_136' title='bbox 476 1959 485 1968; x_wconf 94' lang='lat'>.</span> <span class='ocrx_word' id='word_1_137' title='bbox 543 1912 805 1975; x_wconf 88' lang='lat' dir='ltr'>minibus</span> <span class='ocrx_word' id='word_1_138' title='bbox 848 1913 1024 1975; x_wconf 82' lang='lat' dir='ltr'>etiam</span> <span class='ocrx_word' id='word_1_139' title='bbox 1070 1914 1345 1994; x_wconf 86' lang='lat' dir='ltr'>oratoriis</span> <span class='ocrx_word' id='word_1_140' title='bbox 1373 1929 1529 1981; x_wconf 89' lang='lat' dir='ltr'>usus,</span> <span class='ocrx_word' id='word_1_141' title='bbox 1568 1930 1802 1974; x_wconf 90' lang='lat' dir='ltr'>omnem</span> <span class='ocrx_word' id='word_1_142' title='bbox 1834 1911 2193 1975; x_wconf 86' lang='lat' dir='ltr'>Graecorum</span> <span class='ocrx_word' id='word_1_143' title='bbox 2224 1914 2464 1993; x_wconf 90' lang='lat' dir='ltr'>copiam</span> 
     </span>
     <span class='ocr_line' id='line_1_21' title="bbox 543 1991 2468 2073; baseline 0.001 -19"><span class='ocrx_word' id='word_1_144' title='bbox 543 2000 607 2058; x_wconf 60' lang='lat' dir='ltr'>et,</span> <span class='ocrx_word' id='word_1_145' title='bbox 647 1993 998 2071; x_wconf 83' lang='lat' dir='ltr'>elegantiam</span> <span class='ocrx_word' id='word_1_146' title='bbox 1044 1992 1374 2073; x_wconf 80' lang='lat' dir='ltr'>expressit3</span> <span class='ocrx_word' id='word_1_147' title='bbox 1420 1991 1619 2070; x_wconf 76' lang='lat' dir='ltr'>magni</span> <span class='ocrx_word' id='word_1_148' title='bbox 1662 1991 2005 2062; x_wconf 83' lang='lat' dir='ltr'>existimans</span> <span class='ocrx_word' id='word_1_149' title='bbox 2046 1992 2335 2056; x_wconf 88' lang='lat' dir='ltr'>interesse</span> <span class='ocrx_word' id='word_1_150' title='bbox 2387 1994 2468 2055; x_wconf 89' lang='lat' dir='ltr'>ad</span> 
     </span>
     <span class='ocr_line' id='line_1_22' title="bbox 543 2071 2470 2154; baseline 0.001 -21"><span class='ocrx_word' id='word_1_151' title='bbox 543 2072 724 2136; x_wconf 86' lang='lat' dir='ltr'>decus</span> <span class='ocrx_word' id='word_1_152' title='bbox 768 2079 825 2135; x_wconf 87' lang='lat' dir='ltr'>et</span> <span class='ocrx_word' id='word_1_153' title='bbox 868 2071 1102 2134; x_wconf 88' lang='lat' dir='ltr'>laudem</span> <span class='ocrx_word' id='word_1_154' title='bbox 1147 2071 1426 2149; x_wconf 85' lang='lat' dir='ltr'>civitatis,</span> <span class='ocrx_word' id='word_1_155' title='bbox 1473 2091 1566 2133; x_wconf 88' lang='lat' dir='ltr'>res</span> <span class='ocrx_word' id='word_1_156' title='bbox 1609 2078 1726 2132; x_wconf 89' lang='lat' dir='ltr'>tam</span> <span class='ocrx_word' id='word_1_157' title='bbox 1773 2089 1976 2152; x_wconf 84' lang='lat' dir='ltr'>graves</span> <span class='ocrx_word' id='word_1_158' title='bbox 2023 2080 2259 2152; x_wconf 89' lang='lat' dir='ltr'>tamque</span> <span class='ocrx_word' id='word_1_159' title='bbox 2290 2091 2470 2154; x_wconf 88' lang='lat' dir='ltr'>prae-</span> 
     </span>
     <span class='ocr_line' id='line_1_23' title="bbox 547 2151 2466 2233; baseline -0.001 -18"><span class='ocrx_word' id='word_1_160' title='bbox 547 2152 759 2228; x_wconf 82' lang='lat' dir='ltr'>claraS‚</span> <span class='ocrx_word' id='word_1_161' title='bbox 805 2151 1005 2212; x_wconf 89' lang='lat' dir='ltr'>latinis</span> <span class='ocrx_word' id='word_1_162' title='bbox 1047 2154 1225 2214; x_wconf 85' lang='lat' dir='ltr'>etiam</span> <span class='ocrx_word' id='word_1_163' title='bbox 1268 2151 1488 2213; x_wconf 87' lang='lat' dir='ltr'>litteris</span> <span class='ocrx_word' id='word_1_164' title='bbox 1529 2151 1821 2214; x_wconf 85' lang='lat' dir='ltr'>contineri</span> <span class='ocrx_word' id='word_1_165' title='bbox 1852 2152 1971 2233; x_wconf 74' lang='lat'>(4).</span> <span class='ocrx_word' id='word_1_166' title='bbox 2005 2152 2197 2225; x_wconf 88' lang='lat' dir='ltr'>Quum</span> <span class='ocrx_word' id='word_1_167' title='bbox 2231 2161 2466 2233; x_wconf 86' lang='lat' dir='ltr'>autem,</span> 
     </span>
     <span class='ocr_line' id='line_1_24' title="bbox 547 2231 2469 2313; baseline 0.002 -22"><span class='ocrx_word' id='word_1_168' title='bbox 547 2237 613 2291; x_wconf 87' lang='lat' dir='ltr'>ut</span> <span class='ocrx_word' id='word_1_169' title='bbox 657 2231 830 2292; x_wconf 86' lang='lat' dir='ltr'>modo</span> <span class='ocrx_word' id='word_1_170' title='bbox 873 2232 1219 2303; x_wconf 85' lang='lat' dir='ltr'>memoravi,</span> <span class='ocrx_word' id='word_1_171' title='bbox 1262 2248 1610 2308; x_wconf 86' lang='lat' dir='ltr'>graecorum</span> <span class='ocrx_word' id='word_1_172' title='bbox 1654 2232 1921 2294; x_wconf 89' lang='lat' dir='ltr'>omnium</span> <span class='ocrx_word' id='word_1_173' title='bbox 1966 2232 2469 2313; x_wconf 87' lang='lat' dir='ltr'>philosophorum</span> 
     </span>
     <span class='ocr_line' id='line_1_25' title="bbox 548 2309 2472 2389; baseline 0.003 -20"><span class='ocrx_word' id='word_1_174' title='bbox 548 2309 808 2370; x_wconf 83' lang='lat' dir='ltr'>rationes</span> <span class='ocrx_word' id='word_1_175' title='bbox 850 2309 1022 2388; x_wconf 90' lang='lat' dir='ltr'>plane</span> <span class='ocrx_word' id='word_1_176' title='bbox 1064 2318 1399 2389; x_wconf 85' lang='lat' dir='ltr'>perspectas</span> <span class='ocrx_word' id='word_1_177' title='bbox 1427 2309 1670 2372; x_wconf 89' lang='lat' dir='ltr'>haberet</span> <span class='ocrx_word' id='word_1_178' title='bbox 1697 2319 1919 2384; x_wconf 89' lang='lat' dir='ltr'>noster,</span> <span class='ocrx_word' id='word_1_179' title='bbox 1953 2319 2010 2373; x_wconf 88' lang='lat' dir='ltr'>et</span> <span class='ocrx_word' id='word_1_180' title='bbox 2038 2331 2204 2373; x_wconf 91' lang='lat' dir='ltr'>suam</span> <span class='ocrx_word' id='word_1_181' title='bbox 2236 2313 2307 2374; x_wconf 88' lang='lat' dir='ltr'>de</span> <span class='ocrx_word' id='word_1_182' title='bbox 2338 2312 2472 2374; x_wconf 86' lang='lat' dir='ltr'>illis</span> 
     </span>
     <span class='ocr_line' id='line_1_26' title="bbox 547 2388 2469 2472; baseline 0.002 -24"><span class='ocrx_word' id='word_1_183' title='bbox 547 2388 902 2451; x_wconf 81' lang='lat' dir='ltr'>sententiam</span> <span class='ocrx_word' id='word_1_184' title='bbox 947 2388 1269 2467; x_wconf 89' lang='lat' dir='ltr'>prudenter</span> <span class='ocrx_word' id='word_1_185' title='bbox 1311 2409 1381 2450; x_wconf 91' lang='lat' dir='ltr'>ac</span> <span class='ocrx_word' id='word_1_186' title='bbox 1420 2389 1607 2465; x_wconf 86' lang='lat' dir='ltr'>libere</span> <span class='ocrx_word' id='word_1_187' title='bbox 1648 2391 1851 2467; x_wconf 85' lang='lat' dir='ltr'>ferret,</span> <span class='ocrx_word' id='word_1_188' title='bbox 1879 2392 2017 2462; x_wconf 77' lang='lat' dir='ltr'>¹iam</span> <span class='ocrx_word' id='word_1_189' title='bbox 2062 2399 2222 2472; x_wconf 86' lang='lat' dir='ltr'>patet</span> <span class='ocrx_word' id='word_1_190' title='bbox 2261 2410 2469 2471; x_wconf 87' lang='lat' dir='ltr'>quan-</span> 
     </span>
     <span class='ocr_line' id='line_1_27' title="bbox 552 2466 2471 2550; baseline 0.003 -24"><span class='ocrx_word' id='word_1_191' title='bbox 552 2475 676 2529; x_wconf 88' lang='lat' dir='ltr'>tum</span> <span class='ocrx_word' id='word_1_192' title='bbox 721 2466 950 2530; x_wconf 88' lang='lat' dir='ltr'>civibus</span> <span class='ocrx_word' id='word_1_193' title='bbox 988 2469 1117 2531; x_wconf 91' lang='lat' dir='ltr'>suis</span> <span class='ocrx_word' id='word_1_194' title='bbox 1159 2469 1471 2548; x_wconf 80' lang='lat' dir='ltr'>profuerit,</span> <span class='ocrx_word' id='word_1_195' title='bbox 1516 2478 1573 2530; x_wconf 90' lang='lat' dir='ltr'>et</span> <span class='ocrx_word' id='word_1_196' title='bbox 1614 2477 1831 2548; x_wconf 89' lang='lat' dir='ltr'>quanta</span> <span class='ocrx_word' id='word_1_197' title='bbox 1862 2471 2156 2550; x_wconf 87' lang='lat' dir='ltr'>hodieque</span> <span class='ocrx_word' id='word_1_198' title='bbox 2184 2471 2303 2533; x_wconf 90' lang='lat' dir='ltr'>sint</span> <span class='ocrx_word' id='word_1_199' title='bbox 2331 2472 2471 2535; x_wconf 79' lang='lat' dir='ltr'>eiu&#39;s</span> 
     </span>
     <span class='ocr_line' id='line_1_28' title="bbox 552 2543 1519 2630; baseline 0.001 -22"><span class='ocrx_word' id='word_1_200' title='bbox 552 2549 614 2608; x_wconf 87' lang='lat' dir='ltr'>in</span> <span class='ocrx_word' id='word_1_201' title='bbox 658 2547 1100 2628; x_wconf 78' lang='lat' dir='ltr'>philosophiam</span> <span class='ocrx_word' id='word_1_202' title='bbox 1144 2548 1357 2610; x_wconf 84' lang='lat' dir='ltr'>merita</span> <span class='ocrx_word' id='word_1_203' title='bbox 1400 2543 1519 2630; x_wconf 77' lang='lat'>(5).</span> 
     </span>
    </p>
   </div>
   <div class='ocr_carea' id='block_1_3' title="bbox 553 2798 2482 3477">
    <p class='ocr_par' dir='ltr' id='par_1_4' title="bbox 553 2798 2476 3047">
     <span class='ocr_line' id='line_1_29' title="bbox 616 2798 2476 2864; baseline 0.003 -15"><span class='ocrx_word' id='word_1_204' title='bbox 616 2798 685 2858; x_wconf 84' lang='grc'>(1)’</span> <span class='ocrx_word' id='word_1_205' title='bbox 714 2799 998 2851; x_wconf 83' lang='lat' dir='ltr'>Tullianos</span> <span class='ocrx_word' id='word_1_206' title='bbox 1032 2800 1205 2852; x_wconf 81' lang='lat' dir='ltr'>libros</span> <span class='ocrx_word' id='word_1_207' title='bbox 1237 2802 1328 2852; x_wconf 86' lang='lat' dir='ltr'>De</span> <span class='ocrx_word' id='word_1_208' title='bbox 1370 2802 1600 2864; x_wconf 76' lang='lat' dir='ltr'>repub</span> <span class='ocrx_word' id='word_1_209' title='bbox 1621 2801 1772 2851; x_wconf 85' lang='lat' dir='ltr'>lica</span> <span class='ocrx_word' id='word_1_210' title='bbox 1805 2806 1929 2862; x_wconf 82' lang='lat' dir='ltr'>post</span> <span class='ocrx_word' id='word_1_211' title='bbox 1970 2800 2287 2852; x_wconf 84' lang='lat' dir='ltr'>diuturnam</span> <span class='ocrx_word' id='word_1_212' title='bbox 2323 2802 2476 2855; x_wconf 78' lang='lat' dir='ltr'>obli-</span> 
     </span>
     <span class='ocr_line' id='line_1_30' title="bbox 553 2861 2475 2926; baseline 0.003 -16"><span class='ocrx_word' id='word_1_213' title='bbox 553 2861 776 2911; x_wconf 87' lang='lat' dir='ltr'>vionem</span> <span class='ocrx_word' id='word_1_214' title='bbox 811 2863 867 2912; x_wconf 84' lang='lat' dir='ltr'>iu</span> <span class='ocrx_word' id='word_1_215' title='bbox 901 2862 1080 2913; x_wconf 83' lang='lat' dir='ltr'>lucem</span> <span class='ocrx_word' id='word_1_216' title='bbox 1113 2863 1394 2914; x_wconf 85' lang='lat' dir='ltr'>revocavit</span> <span class='ocrx_word' id='word_1_217' title='bbox 1427 2867 1683 2915; x_wconf 65' lang='lat' dir='ltr'>Amemus</span> <span class='ocrx_word' id='word_1_218' title='bbox 1716 2862 1910 2923; x_wconf 72' lang='grc' dir='ltr'>ΜΑιυε,</span> <span class='ocrx_word' id='word_1_219' title='bbox 1944 2863 2033 2914; x_wconf 87' lang='lat' dir='ltr'>vir</span> <span class='ocrx_word' id='word_1_220' title='bbox 2075 2863 2475 2926; x_wconf 72' lang='lat' dir='ltr'>doctissimuS,</span> 
     </span>
     <span class='ocr_line' id='line_1_31' title="bbox 554 2924 2475 2993; baseline 0.004 -22"><span class='ocrx_word' id='word_1_221' title='bbox 554 2933 699 2975; x_wconf 88' lang='lat' dir='ltr'>anno</span> <span class='ocrx_word' id='word_1_222' title='bbox 733 2924 1046 2993; x_wconf 52' lang='lat' dir='ltr'>Mocccnxllt</span> <span class='ocrx_word' id='word_1_223' title='bbox 1084 2925 1159 2985; x_wconf 81' lang='lat' dir='ltr'>De</span> <span class='ocrx_word' id='word_1_224' title='bbox 1194 2925 1281 2974; x_wconf 83' lang='lat' dir='ltr'>his</span> <span class='ocrx_word' id='word_1_225' title='bbox 1315 2924 1371 2976; x_wconf 79' lang='lat' dir='ltr'>V.</span> <span class='ocrx_word' id='word_1_226' title='bbox 1407 2925 1687 2983; x_wconf 48' lang='lat' dir='ltr'>Gutum,</span> <span class='ocrx_word' id='word_1_227' title='bbox 1712 2924 1965 2987; x_wconf 66' lang='lat' dir='ltr'>Dissert„</span> <span class='ocrx_word' id='word_1_228' title='bbox 1989 2924 2068 2976; x_wconf 86' lang='lat' dir='ltr'>De</span> <span class='ocrx_word' id='word_1_229' title='bbox 2092 2925 2221 2984; x_wconf 65' lang='lat' dir='ltr'>Cic„</span> <span class='ocrx_word' id='word_1_230' title='bbox 2246 2926 2325 2976; x_wconf 91' lang='lat' dir='ltr'>De</span> <span class='ocrx_word' id='word_1_231' title='bbox 2352 2938 2475 2989; x_wconf 85' lang='lat' dir='ltr'>rep.</span> 
     </span>
     <span class='ocr_line' id='line_1_32' title="bbox 557 2983 2310 3047; baseline 0.002 -12"><span class='ocrx_word' id='word_1_232' title='bbox 557 2985 610 3036; x_wconf 80' lang='lat' dir='ltr'>et</span> <span class='ocrx_word' id='word_1_233' title='bbox 642 2983 720 3034; x_wconf 88' lang='lat' dir='ltr'>De</span> <span class='ocrx_word' id='word_1_234' title='bbox 747 2983 847 3041; x_wconf 75' lang='lat' dir='ltr'>leg.</span> <span class='ocrx_word' id='word_1_235' title='bbox 885 2984 1041 3034; x_wconf 72' lang='lat' dir='ltr'>libris</span> <span class='ocrx_word' id='word_1_236' title='bbox 1074 2985 1320 3036; x_wconf 81' lang='lat' dir='ltr'>iuridica.</span> <span class='ocrx_word' id='word_1_237' title='bbox 1344 2986 1598 3046; x_wconf 79' lang='lat' dir='ltr'>Groning.</span> <span class='ocrx_word' id='word_1_238' title='bbox 1623 2987 1925 3047; x_wconf 75' lang='lat' dir='ltr'>182‘1,in-8⁰.</span> <span class='ocrx_word' id='word_1_239' title='bbox 2297 2988 2310 2999; x_wconf 81' lang='lat'>’</span> 
     </span>
    </p>

    <p class='ocr_par' dir='ltr' id='par_1_5' title="bbox 553 3046 2482 3293">
     <span class='ocr_line' id='line_1_33' title="bbox 619 3046 2478 3111; baseline 0.002 -15"><span class='ocrx_word' id='word_1_240' title='bbox 619 3047 678 3102; x_wconf 71' lang='lat'>(2)</span> <span class='ocrx_word' id='word_1_241' title='bbox 714 3046 877 3096; x_wconf 73' lang='lat' dir='ltr'>Tum„</span> <span class='ocrx_word' id='word_1_242' title='bbox 930 3046 1064 3100; x_wconf 75' lang='lat' dir='ltr'>Drat</span> <span class='ocrx_word' id='word_1_243' title='bbox 1115 3047 1180 3097; x_wconf 86' lang='lat' dir='ltr'>ad</span> <span class='ocrx_word' id='word_1_244' title='bbox 1217 3048 1284 3097; x_wconf 82' lang='lat' dir='ltr'>M.</span> <span class='ocrx_word' id='word_1_245' title='bbox 1323 3048 1491 3106; x_wconf 89' lang='lat' dir='ltr'>Brut,</span> <span class='ocrx_word' id='word_1_246' title='bbox 1526 3059 1601 3101; x_wconf 82' lang='lat' dir='ltr'>lv.</span> <span class='ocrx_word' id='word_1_247' title='bbox 1637 3074 1697 3083; x_wconf 92' lang='lat'>—</span> <span class='ocrx_word' id='word_1_248' title='bbox 1732 3047 2052 3100; x_wconf 80' lang='lat' dir='ltr'>Cf.-Praefat.</span> <span class='ocrx_word' id='word_1_249' title='bbox 2090 3047 2353 3111; x_wconf 84' lang='lat' dir='ltr'>paradox.</span> <span class='ocrx_word' id='word_1_250' title='bbox 2402 3049 2478 3100; x_wconf 84' lang='lat' dir='ltr'>ad</span> 
     </span>
     <span class='ocr_line' id='line_1_34' title="bbox 557 3100 2482 3178; baseline 0.005 -22"><span class='ocrx_word' id='word_1_251' title='bbox 557 3106 705 3178; x_wconf 78' lang='lat' dir='ltr'>Brut.</span> <span class='ocrx_word' id='word_1_252' title='bbox 734 3131 800 3178; x_wconf 82' lang='lat'>.···.</span> <span class='ocrx_word' id='word_1_253' title='bbox 829 3108 869 3178; x_wconf 65' lang='lat' dir='ltr'>‚G</span> <span class='ocrx_word' id='word_1_254' title='bbox 899 3107 970 3158; x_wconf 90' lang='lat' dir='ltr'>.l.</span> <span class='ocrx_word' id='word_1_255' title='bbox 1008 3108 1068 3158; x_wconf 82' lang='lat' dir='ltr'>A.</span> <span class='ocrx_word' id='word_1_256' title='bbox 1093 3108 1275 3161; x_wconf 60' lang='lat' dir='ltr'>ovim</span> <span class='ocrx_word' id='word_1_257' title='bbox 1294 3110 1537 3170; x_wconf 68' lang='lat' dir='ltr'>Knosos,</span> <span class='ocrx_word' id='word_1_258' title='bbox 1572 3109 1637 3160; x_wconf 85' lang='grc' dir='ltr'>Μ.</span> <span class='ocrx_word' id='word_1_259' title='bbox 1664 3109 1721 3161; x_wconf 86' lang='lat' dir='ltr'>T.</span> <span class='ocrx_word' id='word_1_260' title='bbox 1743 3110 1932 3161; x_wconf 86' lang='lat' dir='ltr'>Cicero</span> <span class='ocrx_word' id='word_1_261' title='bbox 1966 3100 2482 3178; x_wconf 77' lang='grc' dir='ltr'><strong>φιλοπλάτων.</strong></span> 
     </span>
     <span class='ocr_line' id='line_1_35' title="bbox 553 3168 2479 3236; baseline 0.003 -16"><span class='ocrx_word' id='word_1_262' title='bbox 553 3168 879 3230; x_wconf 73' lang='lat' dir='ltr'>Dlsqutsmo</span> <span class='ocrx_word' id='word_1_263' title='bbox 913 3168 980 3219; x_wconf 88' lang='lat' dir='ltr'>de</span> <span class='ocrx_word' id='word_1_264' title='bbox 1015 3169 1213 3230; x_wconf 81' lang='lat' dir='ltr'>philos.</span> <span class='ocrx_word' id='word_1_265' title='bbox 1251 3171 1356 3221; x_wconf 86' lang='lat' dir='ltr'>Cic.</span> <span class='ocrx_word' id='word_1_266' title='bbox 1393 3172 1538 3224; x_wconf 80' lang='lat' dir='ltr'>fonte</span> <span class='ocrx_word' id='word_1_267' title='bbox 1578 3174 1890 3236; x_wconf 73' lang='lat' dir='ltr'>praecipuo.</span> <span class='ocrx_word' id='word_1_268' title='bbox 1926 3172 2153 3224; x_wconf 85' lang='lat' dir='ltr'>Traiect.</span> <span class='ocrx_word' id='word_1_269' title='bbox 2190 3175 2259 3225; x_wconf 78' lang='lat' dir='ltr'>ad</span> <span class='ocrx_word' id='word_1_270' title='bbox 2295 3173 2479 3226; x_wconf 76' lang='lat' dir='ltr'>Rhea.</span> 
     </span>
     <span class='ocr_line' id='line_1_36' title="bbox 559 3230 1969 3293; baseline 0.005 -14"><span class='ocrx_word' id='word_1_271' title='bbox 559 3232 700 3290; x_wconf 79' lang='lat'>1836,</span> <span class='ocrx_word' id='word_1_272' title='bbox 740 3231 885 3280; x_wconf 74' lang='lat' dir='ltr'>in-80.</span> <span class='ocrx_word' id='word_1_273' title='bbox 922 3230 1101 3289; x_wconf 57' lang='lat' dir='ltr'>Lacr„</span> <span class='ocrx_word' id='word_1_274' title='bbox 1138 3232 1284 3289; x_wconf 76' lang='lat' dir='ltr'>lust.¹</span> <span class='ocrx_word' id='word_1_275' title='bbox 1307 3233 1441 3293; x_wconf 72' lang='lat' dir='ltr'>div„</span> <span class='ocrx_word' id='word_1_276' title='bbox 1476 3233 1519 3293; x_wconf 90' lang='lat' dir='ltr'>I,</span> <span class='ocrx_word' id='word_1_277' title='bbox 1552 3237 1600 3284; x_wconf 71' lang='lat'>2.</span> <span class='ocrx_word' id='word_1_278' title='bbox 1965 3282 1969 3286; x_wconf 89' lang='lat'>.</span> 
     </span>
    </p>

    <p class='ocr_par' dir='ltr' id='par_1_6' title="bbox 621 3291 1785 3356">
     <span class='ocr_line' id='line_1_37' title="bbox 621 3291 1785 3356; baseline 0.003 -16"><span class='ocrx_word' id='word_1_279' title='bbox 621 3294 682 3349; x_wconf 83' lang='lat'>(3)</span> <span class='ocrx_word' id='word_1_280' title='bbox 717 3291 772 3342; x_wconf 83' lang='lat' dir='ltr'>V.</span> <span class='ocrx_word' id='word_1_281' title='bbox 809 3292 993 3352; x_wconf 75' lang='grc' dir='ltr'><strong>Τυιι...</strong></span> <span class='ocrx_word' id='word_1_282' title='bbox 1027 3292 1278 3344; x_wconf 85' lang='lat' dir='ltr'>Academ.</span> <span class='ocrx_word' id='word_1_283' title='bbox 1316 3296 1624 3356; x_wconf 68' lang='lat' dir='ltr'>posterior„</span> <span class='ocrx_word' id='word_1_284' title='bbox 1661 3296 1704 3355; x_wconf 89' lang='grc' dir='ltr'>Ι,</span> <span class='ocrx_word' id='word_1_285' title='bbox 1738 3298 1785 3346; x_wconf 67' lang='lat' dir='ltr'>a.</span> 
     </span>
    </p>

    <p class='ocr_par' dir='ltr' id='par_1_7' title="bbox 620 3353 1305 3412">
     <span class='ocr_line' id='line_1_38' title="bbox 620 3353 1305 3412; baseline 0.004 -11"><span class='ocrx_word' id='word_1_286' title='bbox 620 3354 682 3412; x_wconf 82' lang='lat'>(4)</span> <span class='ocrx_word' id='word_1_287' title='bbox 717 3353 792 3402; x_wconf 85' lang='lat' dir='ltr'>De</span> <span class='ocrx_word' id='word_1_288' title='bbox 825 3358 934 3403; x_wconf 74' lang='lat' dir='ltr'>net.</span> <span class='ocrx_word' id='word_1_289' title='bbox 973 3353 1106 3404; x_wconf 80' lang='lat' dir='ltr'>deor</span> <span class='ocrx_word' id='word_1_290' title='bbox 1131 3391 1144 3411; x_wconf 90' lang='lat'>,</span> <span class='ocrx_word' id='word_1_291' title='bbox 1183 3354 1224 3410; x_wconf 81' lang='lat' dir='ltr'>l,</span> <span class='ocrx_word' id='word_1_292' title='bbox 1258 3358 1305 3404; x_wconf 81' lang='grc'>4.</span> 
     </span>
    </p>

    <p class='ocr_par' dir='ltr' id='par_1_8' title="bbox 621 3413 1314 3477">
     <span class='ocr_line' id='line_1_39' title="bbox 621 3413 1314 3477; baseline 0.003 -13"><span class='ocrx_word' id='word_1_293' title='bbox 621 3415 684 3473; x_wconf 82' lang='lat'>(5)</span> <span class='ocrx_word' id='word_1_294' title='bbox 719 3413 773 3465; x_wconf 76' lang='lat' dir='ltr'>V.</span> <span class='ocrx_word' id='word_1_295' title='bbox 811 3414 1065 3474; x_wconf 70' lang='lat' dir='ltr'>Kttnmzn,</span> <span class='ocrx_word' id='word_1_296' title='bbox 1103 3426 1188 3477; x_wconf 92' lang='lat' dir='ltr'>op.</span> <span class='ocrx_word' id='word_1_297' title='bbox 1225 3418 1314 3466; x_wconf 77' lang='lat' dir='ltr'>cit.</span> 
     </span>
    </p>
   </div>
  </div>
 </body>
</html>
