2673 4295
504 388 649 473 ς154
1175 425 1492 472 msa-omma
1536 425 1813 471 cmi-mm

531 509 784 588 sophum
829 513 1098 569 nostrum
1143 507 1217 568 ab
1259 508 1473 569 eximia
1518 507 1620 568 illa
1665 506 1881 569 virtute
1926 506 2209 587 abfuisse,
2269 528 2465 589 quam

532 591 597 653 in
640 586 920 668 operibus
962 589 1084 649 suis
1127 586 1406 665 graphice
1449 581 1738 665 depinxit.

612 668 857 729 Exstant
885 689 898 728 ε
947 669 1007 727 10
1049 667 1211 729 illius
1254 665 1393 728 libri
1436 667 1506 727 111
1538 668 1620 729 De
1647 670 1736 729 ira
1766 666 1837 728 ad
1868 666 2182 728 Novatum.
2216 666 2279 728 2⁰
2309 667 2470 731 Con-

531 750 727 811 solatio
769 748 842 808 ad
898 746 1162 808 Helviam
1227 754 1520 823 matrem,
1588 766 1773 829 quum
1837 747 2005 808 iussu
2070 748 2470 827 imperatoris

535 827 765 893 Claudii
807 828 870 888 in
915 826 1208 889 Corsicam
1252 826 1516 887 insulam·
1555 828 1765 890 fuisset
1807 826 2122 905 relegatus.
2178 825 2244 887 30
2302 827 2470 891 Con-

533 909 726 971 solatio
754 908 826 967 ad
857 905 1181 986 Polybium,
1232 906 1463 969 Claudii
1498 907 1802 982 libertum,
1848 905 1923 967 ob
1967 906 2169 968 fratris
2200 917 2470 971 mortem

534 1007 597 1050 se
639 1008 702 1051 se
745 987 1146 1049 afflictantem.
1191 986 1254 1046 4⁰
1308 984 1621 1049 Consolatio
1684 986 1756 1046 ad
1821 985 2097 1047 Marciam
2162 986 2225 1047 in
2289 987 2469 1050 luctu

533 1066 741 1130 Metilii
786 1067 917 1127 filii.
964 1064 1027 1127 5⁰
1070 1067 1150 1126 De
1189 1067 1535 1144 providentia
1577 1068 1649 1129 ad
1694 1065 2011 1127 Lucilium.
2060 1064 2125 1127 60
2167 1066 2251 1127 De
2280 1070 2472 1129 animi

541 1148 945 1227 tranquillitate
1005 1146 1078 1205 ad
1141 1145 1451 1206 Annaeum
1516 1146 1830 1209 Serenum.
1903 1146 1976 1206 70
2021 1145 2103 1206 De
2145 1150 2469 1210 constantia

535 1248 597 1288 sa
637 1228 800 1287 ientis
840 1226 912 1285 ad
956 1225 1208 1286 eundem
1252 1223 1564 1287 Serenum.
1614 1225 1675 1289 8⁰
1718 1225 1799 1286 De
1842 1226 2136 1286 clementia
2190 1225 2331 1287 libri
2394 1228 2469 1287 111

537 1249 634 1367 arf
654 1305 970 1380 Neronem,
1017 1324 1087 1365 ex
1128 1305 1346 1383 quibus
1377 1306 1605 1383 primus
1636 1312 1865 1366 tantum
1898 1311 2195 1384 superest,
2232 1313 2293 1367 et
2321 1325 2466 1385 pars

539 1386 807 1447 secundi.
854 1382 917 1445 9⁰
959 1384 1041 1445 De
1084 1385 1344 1445 brevitate
1382 1388 1526 1446 vitae
1554 1386 1627 1446 ad
1658 1384 1998 1457 Paulinum,
2032 1385 2280 1446 fratrem
2310 1386 2472 1447 Pau-

539 1464 714 1535 linae,
765 1464 965 1525 uxoris
1007 1482 1171 1525 suae.
1222 1462 1322 1525 100
1366 1464 1448 1524 De
1487 1468 1599 1528 vita
1643 1468 1799 1526 beata
1849 1464 1938 1524 ad'
1973 1462 2304 1526 Gallionem
2346 1466 2473 1527 fra-

541 1553 717 1607 trem.
763 1542 864 1605 110
907 1544 989 1605 De
1029 1545 1138 1604 otio
1181 1552 1277 1605 aut
1315 1564 1523 1605 secessu
1563 1547 1845 1626 sapientie.
1894 1544 1995 1604 12⁰
2039 1543 2122 1604 De
2183 1545 2472 1624 beneficiis

541 1623 682 1685 libri
725 1623 810 1685 v1I
853 1625 925 1685 ad
970 1622 1287 1684 Aebutium
1331 1623 1687 1686 Liberalem.
1733 1621 1834 1683 130
1877 1623 2162 1705 Epistolae
2193 1640 2364 1685 cxxiv
2396 1626 2469 1686 ad

543 1702 876 1773 Lucilium,
947 1703 1184 1765 Siciliae
1248 1711 1694 1781 procuratorem
1723 1752 1738 1780 ,
1799 1722 1949 1783 quae
1992 1701 2054 1762 in
2098 1706 2473 1779 argumentis

544 1783 970 1886 philosophicis
1014 1791 1344 1844 versantur.
1393 1783 1493 1844 140
1525 1783 1886 1846 Naturalium
1915 1785 2298 1861 quaestionum
2329 1783 2473 1845 libri

544 1864 653 1925 vll.
702 1864 778 1924 15
844 1863 1092 1925 Demum
1141 1868 1681 1944 Ἀποκολοκὺντωσις,
1722 1864 1842 1925 sive
1886 1862 2084 1924 Ludus
2120 1863 2183 1923 in
2217 1873 2470 1927 mortem

544 1944 926 2022 imperatoris
968 1942 1195 2005 Claudii
1239 1943 1357 2024 (1).
2201 1993 2204 1996 ,

625 2023 693 2085 In
734 2023 896 2085 hisce
938 2021 1238 2100 operibus,
1284 2023 1373 2083 uti
1414 2039 1594 2102 supra
1637 2021 1983 2099 innuebam,
2014 2024 2340 2085 stoicorum
2369 2022 2475 2084 do·

547 2103 802 2166 ctrinam
866 2102 1212 2181 praesertim
1276 2102 1547 2182 sequitur
1610 2111 1851 2178 noster3
1910 2109 1968 2164 et
2009 2102 2270 2181 plurima
2315 2103 2475 2182 apud

549 2202 686 2245 eum
708 2182 987 2260 leguntur
1009 2182 1351 2259 modestiae,
1377 2183 1705 2260 gravitatis,
1730 2182 2014 2255 iustitiae,
2042 2184 2475 2258 continentiae,

551 2262 924 2340 aliarumque
966 2263 1250 2322 virtutum
1295 2269 1604 2341 praecepta
1634 2311 1649 2339 ,
1696 2280 1848 2340 quae
1892 2280 1923 2321 a
1968 2261 2321 2324 christianae
2378 2281 2482 2322 sa-

550 2341 810 2421 pientiae
872 2339 1134 2402 sontibus
1198 2342 1431 2420 penitus
1497 2360 1765 2402 manasse
1828 2340 2129 2403 videntur.
2175 2342 2260 2403 Ad
2307 2341 2480 2402 illius

553 2428 752 2482 autem
817 2419 1111 2481 scribendi
1175 2420 1467 2482 rationem
1531 2421 1711 2500 quod,
1750 2419 1976 2491 attinet,
2040 2441 2135 2483 me
2178 2422 2478 2500 optimum

554 2501 851 2562 facturum
896 2500 1246 2569 existimavi,
1293 2500 1344 2561 si
1388 2500 1871 2579 probatissimum
1916 2500 2025 2562 hac
2067 2501 2139 2562 de
2182 2519 2249 2563 re
2294 2501 2481 2573 Quin-

555 2579 747 2641 tiliani
778 2579 873 2660 (2)
902 2579 1186 2641 iudicium
1217 2581 1279 2641 in
1310 2576 1573 2642 medium
1604 2581 1932 2660 proferrem
1963 2600 1978 2640 ε
2025 2580 2109 2641 Ex
2151 2579 2476 2651 industria,

555 2661 638 2720 ait
678 2660 804 2735 ille,
849 2658 1132 2720 Senecam
1195 2660 1485 2722 inomni
1541 2679 1767 2738 genere
1832 2659 2205 2738 eloquentiae
2270 2660 2480 2723 distuli

555 2746 798 2819 propter
839 2737 1134 2815 vulgatam
1179 2738 1328 2800 falso
1370 2740 1443 2801 de
1487 2759 1579 2800 me
1622 2738 1990 2818 opinionem,
2022 2739 2159 2819 quia
2190 2739 2481 2802 damnare

559 2837 719 2891 eum,
765 2824 822 2878 et
864 2818 1117 2879 invisum
1180 2834 1416 2896 quoque
1470 2818 1697 2881 -babere
1760 2837 1891 2879 sum
1956 2819 2243 2882 creditus.
2299 2818 2483 2893 Quod

560 2896 772 2957 accidit
815 2897 984 2972 mihi,
1029 2897 1170 2958 dum
1215 2904 1563 2976 corruptum
1607 2905 1664 2960 et
1709 2898 1984 2960 omnihus
2025 2898 2184 2961 vitiis
2219 2899 2483 2961 fractum

561 2975 796 3037 dicendi
839 2993 1024 3052 genus
1078 2993 1354 3038 revocare
1393 2977 1490 3037 “ad
1545 2976 1839 3040 severiora
1897 2977 2118 3039 studia.
2160 2979 2484 3042 contendo,

559 3055 710 3118 Tum
756 3062 953 3117 autem
996 3056 1157 3117 solus
1208 3055 1303 3117 hic
1367 3056 1489 3118 fere
1550 3057 1613 3118 in
1680 3056 1953 3119 manibus
2016 3057 2488 3121 adolescentium
2583 3066 2592 3075 '

629 3270 691 3329 (l)
726 3269 877 3320 Hanc
903 3250 1172 3330 opellam,
1208 3279 1314 3330 qua
1349 3269 1555 3324 Seneca
1586 3270 1643 3322 in
1680 3271 1971 3324 Claudium
1996 3312 2009 3334 ,
2046 3273 2232 3323 exsilii
2265 3272 2350 3323 sui
2390 3285 2495 3324 au-
2537 3236 2556 3245 ο

566 3330 1132 3442 οῖεέτθίῐῐῐιι,ῃίἆιῑῖξϋιιυῐ,
1167 3332 1288 3383 iam·
1311 3333 1742 3398 memoravimus
1775 3335 1833 3386 in
1867 3345 1980 3398 cap.
2019 3346 2095 3396 1v,
2138 3336 2218 3385 De
2264 3339 2453 3395 satyra
2478 3377 2492 3399 ‚

569 3395 592 3450 ε
633 3432 693 3514 (2’)
727 3455 805 3504 De
837 3429 968 3506 inst:
1005 3456 1162 3516 orat„
1199 3465 1249 3515 x,
1286 3457 1312 3502 1
1352 3457 1442 3506 125
1476 3460 1530 3506 et
1564 3467 1710 3519 seqq.
