2673 4295
887 458 1004 502 Lm.
1052 458 1115 503 11.
1152 475 1180 487 -
1214 458 1346 503 CAP.
1394 459 1478 504 v1.
2040 444 2105 504 71

208 537 435 604 bellum
465 538 691 602 excitus
719 546 923 602 contra
952 539 1276 606 Antonium
1319 549 1376 604 et
1404 539 1807 616 Octavianum,
1840 540 2116 604 tribunus

210 621 470 681 militum
518 619 758 698 meruit,
803 626 860 680 et
903 619 1126 698 proelio
1168 619 1534 700 Philippensi
1575 620 1869 682 interfuit.
1913 620 2115 701 Itaque

206 698 401 761 victus
457 707 517 760 et
565 697 735 778 bonis
777 698 1038 778 paternis
1079 708 1324 774 exutuS,
1370 707 1674 780 premente
1726 707 2113 779 paupertate,

209 778 286 840 ad
327 778 553 858 poesim
602 798 665 840 se
706 779 1015 840 convertit.
1060 777 1210 840 Hinc
1249 778 1601 841 Maecenatis
1650 779 1972 841 amicitiam
2016 781 2117 842 de·

210 859 452 934 meruit,
481 877 550 919 ac
581 876 687 936 per
735 876 872 919 eum
902 857 1151 920 subinde
1191 858 1456 936 Augusto
1483 858 1921 935 reconciliatus,
1967 861 2119 920 utri-

210 957 326 1017 que
366 955 543 999 carus
585 937 719 998 fuit.
751 936 1026 1010 Quamvis
1075 944 1274 999 autem
1305 956 1521 999 munus
1563 937 1946 1017 epistolarum
1974 939 2120 1000 scri-

210 1017 540 1079 bendarum
589 1015 663 1077 ab
718 1016 978 1094 Augusto
1028 1016 1288 1078 oblatum
1348 1017 1760 1090 detrectasset,
1813 1017 1911 1080 hic
1965 1019 2115 1079 nihil

252 1097 386 1158 lane
426 1096 728 1158 recusanti
778 1096 1143 1174 succensuit,
1188 1103 1363 1176 atque
1405 1116 1523 1158 una
1571 1104 1630 1159 et
1670 1096 1854 1159 altera
1904 1097 2118 1161 libera-

231 1179 374 1239 itate
416 1194 553 1238 eum
584 1173 962 1255 locupletavit
1002 1175 1121 1255 (1).
1162 1175 1423 1238 Decessit
1449 1194 1635 1238 annos
1675 1184 1850 1238 natus
1890 1184 2115 1256 septem

207 1263 269 1318 et
309 1254 762 1335 quinquaginta,
809 1254 1060 1317 haerede
1101 1255 1367 1333 Augusto
1410 1256 1605 1334 palam
1648 1263 2014 1335 nuncupato.

291 1334 488 1407 Quum
532 1341 685 1396 esset
711 1332 988 1396 Horatius
1029 1353 1063 1394 a
1113 1343 1324 1396 natura
1356 1335 1587 1411 hilaris,
1632 1334 1918 1412 urbanus,
1964 1336 2120 1397 face·-

206 1422 327 1491 tus3
373 1420 682 1494 praeterea
729 1412 1302 1491 elegantissimorum
1359 1423 1415 1477 et
1468 1415 1805 1493 principum
1854 1415 2118 1477 virorum

206 1492 639 1556 consuetudine
688 1492 960 1570 floreret,
999 1511 1197 1572 *neque
1240 1493 1349 1554 ulli
1406 1494 1891 1573 philosophorum
1945 1493 2123 1556 disci-

208 1572 409 1652 plinae
461 1590 680 1635 nomen
727 1571 1022 1651 dedisset,
1067 1573 1148 1633 ita
1204 1572 1267 1633 in
1320 1576 1526 1652 satyris
1586 1573 1894 1651 ingenium
1943 1592 2119 1634 suum

208 1651 458 1728 effinxit,
504 1659 570 1712 ut
612 1650 920 1713 hominum
971 1667 1203 1715 errores
1251 1659 1310 1714 et
1356 1653 1495 1714 vitia
1539 1670 1659 1714 non
1700 1653 1991 1715 acerrime
2031 1655 2123 1714 in·

206 1736 563 1870 seqtaretur,
596 1730 696 1792 sed
738 1729 986 1792 ridentis
1014 1731 1177 1791 vultu
1223 1739 1287 1815 et
1307 1731 1591 1794 socratica
1635 1731 1890 1811 quadam
1926 1731 2119 1794 ironia

208 1830 281 1872 ve
330 1810 543 1871 icaret.
2019 1832 2022 1841 ·

287 1889 378 1950 Ad
429 1889 583 1951 hanc
636 1887 880 1950 lenioris
935 1894 1164 1968 satyrae
1216 1888 1506 1952 rationem
1561 1890 1885 1968 plurimum
1942 1890 2120 1952 etiam

208 1967 470 2031 contulit
508 1986 711 2030 rerum
754 1984 1137 2029 romanarum
1168 1968 1455 2030 conditio.
1498 1967 1690 2042 Quum
1735 1968 1895 2029 enim
1933 1969 2122 2048 impe-

207 2048 370 2109 rium
433 2046 544 2109 sub
597 2046 776 2109 unius
832 2047 1136 2109 dominatu
1188 2047 1545 2126 quievisset,
1609 2049 1883 2127 princeps
1924 2054 2122 2110 autem

207 2127 566 2206 magnificus
619 2133 678 2190 et
730 2126 1069 2189 luxuriosus
1118 2145 1350 2189 summa
1392 2145 1503 2207 ope
1555 2128 1875 2204 niteretur,
1936 2135 2002 2189 ut
2044 2127 2126 2190 ci-

207 2206 375 2269 vium
404 2207 635 2268 animos
663 2226 695 2269 a
725 2208 1011 2287 pristinae
1053 2207 1344 2269 libertatis
1374 2208 1782 2270 recordatione
1825 2216 2120 2285 avocaret,

209 2286 478 2347 aulicum
533 2286 681 2348 illud
730 2293 908 2365 atque
952 2286 1246 2348 urbanum
1295 2287 1593 2349 scribendi
1634 2306 1820 2365 genus
1870 2288 1983 2350 fuit
2025 2287 2124 2349 in-

194 2372 472 2437 vectum,
519 2365 675 2445 quod
717 2366 987 2428 referunt
1027 2374 1256 2447 satyrae
1298 2367 1667 2429 horatianae.

297 2443 384 2504 Ad
423 2445 529 2505 has
571 2444 837 2524 proxime
879 2445 1177 2525 pertinent
1217 2445 1334 2508 duo
1376 2446 1755 2525 Epistolarum
1796 2445 1934 2507 libri
1965 2446 2037 2508 ad
2066 2464 2128 2506 a·

217 2523 429 2585 micos.
462 2524 546 2585 Ac
573 2524 760 2604 siquis
801 2543 832 2585 a
864 2543 957 2586 me
986 2525 1137 2589 forte
1180 2532 1357 2604 petat,
1394 2526 1688 2604 quodnam
1742 2527 2126 2603 praecipuum

215 2601 382 2665 inter
407 2611 634 2682 satyras
677 2610 852 2684 atque
878 2604 1158 2683 ¹epistolas
1196 2604 1535 2666 horatianas
1564 2604 1888 2665 intercedat
1916 2604 2125 2666 discri-

213 2700 358 2744 men
388 2681 509 2761 (2),
542 2682 660 2759 aio,
691 2683 755 2744 in
783 2685 992 2764 satyris
1031 2684 1387 2745 venusinum
1420 2690 1651 2762 poetam
1694 2685 1811 2745 huc
1839 2692 2133 2762 spectasse

212 2769 283 2822 ut
326 2760 467 2822 vitia
511 2770 802 2840 carperet;
846 2762 909 2823 in
953 2762 1218 2841 epistolis
1259 2770 1455 2825 autem
1500 2764 1611 2825 hoc
1666 2764 1721 2824 ei
1765 2764 2132 2842 propositum

211 2841 426 2909 fuisse,
474 2847 542 2901 ut
581 2843 858 2903 virtutem
901 2848 959 2904 et
1000 2843 1365 2904 honestatem
1409 2843 1798 2921 praeciperet.
1830 2843 1879 2902 A
1917 2841 2132 2922 quibus

211 2919 511 2999 epistolis,
557 2920 895 2997 argumenti
936 2939 1174 2999 genere,
1220 2921 1655 3000 aliquantulum
1699 2922 1948 2984 discedit
1987 2923 2126 2992 illa,

214 3018 374 3079 quae
418 2999 766 3061 inscribitur
825 3002 895 3061 ad
940 3001 1182 3062 Pisones,
1226 3000 1524 3061 Nimirum
1579 3002 1887 3063 horatiana
1942 3007 2134 3063 aetate

216 3078 521 3142 malorum
567 3085 875 3158 poetarum
927 3079 1097 3140 turba
1142 3080 1430 3159 quaedam
1480 3079 1700 3143 Romae
1744 3087 2133 3159 provenerat,

284 3300 352 3357 (1)
387 3299 559 3349 Svn‘r.
589 3311 647 3350 1n
678 3298 794 3350 vita
827 3298 1040 3349 Horatii
1075 3301 1292 3360 poetae.

286 3362 352 3418 (2)
388 3359 827 3418 Moncnnsrnnn.
864 3362 941 3411 De
975 3364 1187 3421 satyrae
1209 3364 1371 3422 atque
1405 3362 1669 3423 epistolae
1703 3362 2020 3413 horatianae
2054 3360 2136 3412 di-

216 3423 509 3472 scrimine.
544 3422 757 3484 Lipsiae
792 3426 930 3483 1801,
966 3422 1121 3473 in-40.
1160 3448 1224 3457 -
1269 3422 1589 3474 Wmcnnn‘r.
1629 3424 1882 3475 Prolusio
1917 3424 1938 3474 I
1975 3422 2041 3475 de
2075 3424 2136 3484 Q,

216 3483 419 3535 Horat.
455 3482 536 3533 Fl.
571 3483 840 3547 epistolis,
877 3483 1147 3535 Grimmae
1184 3488 1321 3542 1826,
1358 3487 1511 3536 in-40.
