2673 4295
503 439 617 504 184
1150 449 1467 497 msrossmu
1510 445 1786 492 camon:

501 555 736 617 quoque
778 532 1003 612 ingenii
1043 534 1118 612 yi,
1170 550 1322 610 quae
1367 532 1430 591 in
1487 547 1689 590 rerum
1756 544 1967 589 causas
2025 522 2321 603 inquirit,
2387 530 2457 587 et

501 618 783 679 diuturna
829 611 1238 676 observatione
1281 609 1733 689 disciplinarum
1779 608 1929 668 fines
1976 606 2247 687 proferre
2291 622 2455 667 con-

502 698 711 760 suevit.
759 695 1132 774 Quapropter
1176 692 1430 751 maxima
1473 689 1717 750 illorum
1763 705 1925 766 pars,
1975 686 2078 765 qui
2121 686 2240 747 hac
2284 692 2454 747 tem-

503 782 727 856 pestate
768 776 831 836 in
873 773 1068 836 studio
1111 777 1251 831 sunt
1291 768 1505 831 versati
1550 786 1749 834 rerum
1795 764 2170 827 naturalium
2216 770 2275 826 et
2317 783 2455 827 ma·

505 854 976 922 thematicarum,
1008 852 1080 912 ad
1105 860 1327 912 veteres
1357 849 1437 909 ita
1469 854 1879 928 respexerunt,
1915 853 1985 906 ut
2012 846 2214 907 omnia
2245 842 2453 907 ferme

505 936 577 998 ab
621 934 694 996 iis
737 933 1089 1012 compilasse
1130 930 1366 992 dicendi
1410 929 1541 998 sint,
1595 935 1828 1007 praeter
1869 925 2272 1002 dictionem,q
2300 941 2452 984 uam

488 1015 776 1095 ‘plerique
820 1012 1109 1074 incultam
1152 1017 1210 1071 et
1253 1008 1526 1070 barbarie
1569 1007 1943 1088 inquinatam
1993 1000 2449 1086 praeseferunt.

507 1096 578 1156 Et
620 1095 786 1175 prior
828 1093 1066 1172 quidem
1117 1087 1181 1151 C.
1228 1089 1406 1149 Iulius
1450 1087 1695 1160 Solinus,
1742 1085 1913 1147 cuius
1950 1085 2208 1148 aetat-eni
2241 1083 2457 1147 confe-

508 1182 648 1235 runt
690 1174 762 1235 ad
807 1190 1028 1232 annum
1075 1168 1468 1231 christianum
1513 1166 1755 1243 ccxvnI,
1820 1166 2230 1249 Polyhistorem
2263 1211 2278 1232 ,
2338 1181 2453 1224 seu

512 1253 864 1317 Collectanea
916 1272 1016 1312 sua
1069 1268 1260 1311 rerum
1320 1247 1763 1308 memorabilium
1808 1245 2106 1311 derivavit
2147 1259 2221 1307 ex
2263 1241 2453 1306 Plinii

510 1333 755 1395 historia
799 1323 1082 1391 naturali.
1130 1328 1270 1388 Inde
1313 1328 1490 1389 etiarn
1535 1327 1839 1387 fluxerunt
1879 1324 2024 1390 libri
2065 1342 2099 1383 v
2131 1325 2213 1389 Dc
2239 1337 2309 1382 re
2333 1340 2455 1381 me-

510 1415 656 1485 dica,
703 1410 805 1491 qui
855 1411 1040 1471 Plinio
1068 1408 1384 1470 *Valeriano
1429 1406 1797 1476 tribuuntur,
1846 1414 1905 1469 et
1940 1405 2010 1481 Q.
2048 1400 2248 1469 Sereni
2281 1399 2455 1491 Sam-

510 1493 715 1553 monici
762 1491 1011 1552 Carmen·
1030 1491 1095 1549 de
1120 1489 1295 1549 variis
1322 1488 1636 1549 morborum
1663 1487 2068 1551 curationibus.
2097 1487 2185 1550 Ex
2215 1494 2455 1556 graecis

511 1569 901 1650 scriptoribus
943 1568 1126 1629 libros
1167 1584 1304 1628 suos
1361 1566 1457 1645 (1)
1499 1564 1786 1644 expressit
1831 1565 2049 1630 Coelius
2103 1557 2458 1631 Aurelianus

513 1651 802 1724 medicus,
833 1647 1297 1710 Methodicorum
1341 1645 1437 1726 (2)
1480 1654 1671 1708 sectae
1715 1645 2030 1721 addictus3
2078 1649 2302 1728 graeco
2346 1658 2457 1719 pa·
2501 1661 2508 1666 ·

514 1732 662 1792 riter
725 1730 884 1790 fonte
951 1745 1216 1788 manasse
1280 1726 1562 1787 dicuntur
1626 1725 1810 1786 Publii
1876 1722 2085 1804 Veqetii
2131 1721 2344 1788 chati
2389 1722 2460 1783 de

516 1811 939 1870 mulomedicina
979 1826 1097 1869 seu.
1127 1815 1248 1867 arte
1274 1807 1616 1866 veterinaria
1646 1803 1785 1867 libri
1814 1823 1896 1867 ιν.
1928 1807 2091 1879 Quae
2120 1800 2302 1868 babet
2340 1798 2455 1862 Cn.

517 1889 839 1961 Marcellus,
886 1892 1273 1963 cognomento
1316 1884 1662 1964 Empiricus‚
1709 1885 1772 1946 in
1812 1886 1971 1950 libro
2011 1885 2094 1950 De
2124 1879 2463 1948 medicami-

517 1972 673 2035 nibus
717 1963 1018 2046 empiricis,
1060 1967 1305 2044 physicis
1332 1974 1385 2024 et
1413 1965 1800 2042 rationalibus,
1835 1966 2041 2029 omnia
2070 1970 2263 2047 l'ermt}
2294 1960 2462 2023 Scri-

476 2123 477 2126 *
519 2047 613 2110 boi
638 2049 698 2109 io
742 2046 927 2123 Largo
969 2052 1107 2106 sunt
1150 2043 1500 2116 tribuenda3
1549 2045 1766 2122 passim
1806 2062 1950 2112 vero
1980 2062 2053 2106 ex
2081 2042 2318 2116 mulus,
2351 2041 2459 2119 qui

520 2137 709 2192 aetate
773 2127 943 2188 illum
1006 2125 1405 2202 antecedunt,
1472 2123 1670 2186 hausit
1740 2125 2052 2190 Theodorus
2123 2120 2460 2192 Priscianus

522 2208 706 2269 libros
746 2224 805 2267 lv
851 2206 1058 2268 Rerum
1099 2207 1443 2267 medicorum
1483 2214 1540 2265 et
1583 2204 1801 2265 librum
1847 2205 1930 2267 De
1992 2206 2197 2274 diaeta,
2232 2218 2343 2262 Seu
2377 2202 2462 2264 De

523 2288 680 2348 rebus
720 2286 1061 2347 solubilibus.
1108 2284 1311 2362 Neque
1374 2284 1546 2345 aliter
1609 2286 1988 2346 sentiendum
2056 2283 2131 2350 de
2202 2279 2463 2344 Palladio

528 2365 744 2427 Rutilio
778 2365 958 2425 Tauro
981 2364 1306 2433 Aemiliana,
1336 2363 1439 2440 qui
1462 2363 1524 2422 in
1555 2362 1726 2424 libris
1756 2365 1880 2425 suis
1911 2367 1992 2428 Dc
2020 2384 2082 2426 re
2110 2360 2332 2429 rustica
2361 2361 2462 2442 (3)

526 2443 886 2509 Columellae
928 2443 1275 2523 praesertim
1320 2441 1562 2519 vestigia
1606 2444 2013 2522 persequitur.
2048 2443 2120 2505 ln
2149 2441 2476 2526 plerisque·

528 2524 908 2598 editionibus,
955 2522 1089 2584 aliis
1120 2521 1219 2584 ·rei
1252 2521 1508 2583 rusticae
1538 2524 2162 2602 scriptoribuscomes
2196 2519 2464 2601 plerum-

531 2624 646 2685 que
689 2604 1034 2681 adiungitur
1078 2602 1368 2664 Palladius
1410 2602 1485 2664 ob
1528 2603 1731 2664 stilum
1775 2604 2106 2684 simplicem
2141 2622 2251 2665 nec
2282 2604 2461 2682 plane

597 2807 660 2864 (1)
695 2805 947 2856 Celerum
983 2805 1101 2855 sive
1152 2808 1436 2859 acutarum
1487 2805 1806 2866 passionum
1856 2806 1952 2858 lib.
2006 2808 2107 2868 111;
2159 2806 2461 2857 Tardarum

536 2868 654 2918 sive
690 2867 1071 2919 chronicarum
1109 2866 1427 2927 passionum
1460 2867 1556 2918 lib.
1595 2878 1645 2918 v.

599 2932 662 2988 (2)
697 2930 784 2978 Tri
793 2927 935 2990 plex
951 2927 1056 2978 tuit
1091 2927 1235 2990 apud
1268 2933 1484 2978 veteres
1519 2928 1861 2980 medicorum
1907 2941 2076 2991 genus
2097 2969 2110 2991 ,
2161 2931 2205 2980 D
2229 2942 2261 2979 o
2279 2940 2374 2991 gm
2395 2940 2459 2980 a·

540 2991 872 3042 ticorum
908 3001 1004 3041 seu
1041 2989 1595 3047 Rationalium‚
1633 2991 2192 3053 Empiricorum
2228 2996 2298 3042 et
2332 2992 2463 3040 Me-

542 3059 564 3103 t
581 3051 618 3102 b
637 3064 669 3102 ο
689 3051 759 3102 d·i
777 3064 805 3101 c
823 3063 855 3102 o
873 3064 902 3101 ι·
919 3063 955 3102 u
975 3064 1047 3111 m,
1083 3052 1151 3102 de
1186 3051 1385 3112 quibus
1419 3052 1546 3103 vide
1582 3052 1801 3103 Cnnsmu
1825 3056 1880 3104 in
1909 3052 2130 3114 praerat.
2166 3054 2466 3105 Themison

543 3112 881 3165 Laodicenus
916 3112 1351 3164 Methodicorum
1387 3117 1593 3165 sectam
1630 3115 1936 3166 instituisse
1970 3116 2187 3177 dicitur,
2260 3126 2362 3164 uae
2410 3116 2468 3164 in

543 3180 671 3247 tres·
710 3176 910 3227 deinde
958 3175 1194 3226 familias
1244 3173 1396 3236 abiit,
1448 3176 1485 3224 P
1507 3187 1543 3226 n
1565 3188 1593 3226 e
1613 3187 1651 3225 u
1667 3187 1720 3225 m
1741 3188 1771 3226 a
1788 3179 1841 3227 ti
1863 3190 1891 3228 c
1909 3189 1941 3227 o
1960 3189 1987 3227 r
2008 3189 2042 3227 u
2061 3188 2115 3242 m
2163 3178 2216 3228 vi
2263 3177 2428 3228 elicet
2451 3214 2467 3236 ,

547 3237 1354 3298 Episyntheticorum‚
1411 3237 2015 3290 Eclecticorum.
2062 3264 2126 3275 —
2165 3238 2250 3290 cf.
2304 3238 2360 3289 C.
2408 3238 2465 3288 G.

549 3300 727 3359 Kana,
764 3299 841 3349 De
875 3299 1058 3350 Caelio
1090 3299 1387 3349 Aureliano
1435 3300 1580 3350 inter
1631 3300 1976 3352 methodicos
2026 3301 2271 3355 medicos
2321 3300 2471 3351 haud

550 3360 796 3422 ignobili.
831 3360 975 3421 Lips,
1016 3363 1148 3417 1816,
1187 3361 1338 3410 in-40.
1531 3416 1534 3421 ⁴

611 3425 673 3494 43)
709 3421 990 3473 'tredecim
1016 3427 1428 3493 enumerantur,
1453 3422 1650 3483 quihus
1673 3423 1880 3475 accedit
1904 3424 2050 3479 liber
2087 3423 2329 3485 elegiaco
2352 3435 2473 3474 car-

552 3494 702 3536 mine
737 3488 1016 3548 exaratuS‚
1056 3484 1148 3534 De
1199 3486 1355 3536 insi
1378 3486 1538 3537 tion
1558 3496 1620 3539 e.
