2673 4295
495 408 573 470 68
1137 424 1451 470 ffls‘ronmss
1483 422 1760 469 offirmas

495 506 658 568 cilius
698 506 915 582 Iunior,
961 504 1131 569 cuius
1173 521 1415 567 carmen
1458 502 1650 567 adhuc¹
1689 504 1939 583 legimus
1967 503 2040 566 de
2069 503 2253 568 Aetna
2316 502 2412 584 1),

493 594 598 647 aut
644 584 846 647 Caesar
892 584 1270 661 Germanicus,
1316 585 1422 664 qui
1463 584 1628 646 Arati
1671 585 2085 646 Phaenomena
2140 584 2293 646 versi
2338 604 2415 647 us

492 664 694 727 latinis
735 667 1021 745 expressit
1062 664 1182 745 (2),
1228 672 1330 724 aut
1372 665 1611 726 demum
1659 663 1724 726 C.
1771 665 1949 726 Iulius
1982 664 2256 743 Hyginus,
2288 664 2417 725 Au-

493 744 650 884 gustti
694 744 962 901 libergis,
1009 744 1112 824 qui
1140 744 1420 843 poeticen
1448 743 1906 839 Astronomicon
1934 743 2197 806 condidit
2223 743 2415 806 libros

493 843 750 904 qnauor
894 873 906 884 .
1387 836 1446 844 “““’
1805 834 1876 847 “⁴

1278 954 1514 1018 CAPVT
1555 954 1622 1016 V.

1038 1085 1125 1129 DE
1187 1085 1405 1131 PoEsl
1466 1085 1860 1130 Buconica,

1140 1237 1211 1298 P.
1272 1237 1533 1317 Viryilius
1576 1238 1759 1299 Maro·

574 1387 915 1450 Bucolicum
940 1406 1180 1451 carmen
1209 1388 1632 1452 vetustioribus
1658 1388 1892 1469 populis
1922 1388 2075 1450 haud
2106 1390 2409 1468 ignotum,

492 1469 559 1529 in
600 1467 799 1530 Sicilia
830 1468 1089 1547 primurn
1133 1469 1430 1530 excultum
1462 1470 1683 1544 ferunt,
1716 1469 1818 1530 ubi
1863 1467 2023 1530 mitis
2065 1469 2215 1530 coeli
2262 1475 2410 1530 tem-

493 1548 724 1628 peries,
781 1548 1027 1627 pinguia
1080 1567 1326 1628 pascua‚
1394 1555 1570 1628 atque
1625 1549 1927 1610 innumeri
1976 1566 2182 1626 greges
2245 1549 2410 1612 ultro

483 1633 697 1708 :poetas
738 1627 811 1689 ad
861 1628 1191 1698 canendum
1234 1629 1306 1690 de
1355 1647 1420 1690 re
1503 1629 1767 1690 astoritia
1817 1627 2124 1707 impellere
2179 1627 2409 1690 debue-

484 1715 657 1768 runt.
703 1707 850 1768 Prae
898 1706 1147 1771 caeteris
1196 1714 1395 1769 autem
1487 1709 1784 1769 heocritus
1833 1708 1975 1769 huic
2017 1713 2258 1786 poeseos
2306 1716 2448 1786 ge-'

492 1786 626 1850 neri
656 1786 1016 1864 singularem
1048 1793 1414 1849 venustatem
1451 1787 1853 1865 conciliando,
1887 1786 2225 1865 pastoritiae
2252 1786 2410 1850 vitae

489 1866 895 1929 innocentiam
946 1873 1005 1928 et
1051 1865 1292 1928 delicias
1346 1867 1432 1928 sic
1472 1866 1878 1939 adumbravit,
1905 1873 1990 1927 'ut
2037 1865 2408 1928 carminibus

493 1945 620 2008 suis
649 1946 799 2006 mira
830 1945 1083 2025 quadam
1113 1946 1400 2008 suavitate
1428 1946 1698 2008 homines
1742 1945 2147 2026 perfunderet.
2179 1945 2250 2006 Et
2287 1964 2410 2025 quo

492 2024 728 2088 facilius
770 2025 990 2086 siculus
1033 2032 1202 2105 poeta
1246 2025 1571 2104 legentium
1614 2026 1846 2087 animos
1889 2031 2137 2102 teneret,
2184 2025 2409 2104 potius·-

493 2123 671 2185 quam
714 2122 910 2183 agroe,
953 2123 1184 2184 gregeS‚
1227 2113 1493 2186 pastores
1535 2112 1593 2169 et
1619 2105 1795 2167 silvas
1836 2104 2233 2185 descriptione
2275 2122 2412 2185 per-

491 2191 670 2264 petua
692 2183 871 2245 nobis
912 2184 1238 2263 exhiberet,
1269 2184 1552 2247 dramatis
1593 2186 1845 2247 formam
1874 2186 2102 2263 selegit,
2156 2202 2274 2265 quo
2306 2204 2411 2265 pa·

491 2271 680 2327 stores
719 2264 878 2325 inter
917 2282 980 2325 se
1023 2264 1427 2343 colloquentes
1468 2264 1855 2327 inducuntur.

170 2365 177 2372 ‘
408 2339 421 2412 ζ
460 2381 525 2418 ..,
570 2339 868 2404 Theocriti
909 2343 1168 2420 vestigiis
1209 2344 1512 2421 ingressus
1563 2343 1866 2423 Viryilius,.
1896 2344 2207 2423 pastoralis
2251 2344 2410 2408 vitae

492 2418 837 2486 felicitatem
867 2422 1175 2485 commode
1210 2423 1477 2485 versibus
1519 2423 1762 2486 effinxit.
1794 2422 1864 2485 In
1905 2425 2016 2485 hoc
2046 2432 2245 2485 tamen
2274 2424 2409 2514 plus

461 2501 639 2564 ‘artis
679 2509 950 2581 apparet,
996 2520 1175 2581 quam
1217 2503 1280 2563 in
1320 2521 1535 2581 graeco
1581 2510 1775 2595 poeta,
1820 2502 1991 2566 cui-us
2027 2502 2234 2583 idyllia
2276 2522 2412 2564 sin-

495 2598 629 2645 cera
694 2581 948 2661 quadam
1013 2583 1127 2643 sim
1172 2581 1394 2645 licitate
1453 2584 1829 2663 potissimum
1892 2583 2408 2645 commendantur.

492 2660 696 2740 Neque
736 2660 796 2723 id
827 2662 1068 2723 mirum.
1146 2662 1381 2740 irgilius
1422 2663 1583 2725 enim
1620 2663 1959 2743 politiorem
2004 2669 2258 2724 aetatem
2301 2681 2413 2724 na·

560 2830 620 2887 (1)
654 2829 770 2880 Hoc
799 2841 1020 2882 carmen
1051 2830 1276 2891 Virgilio
1309 2831 1444 2883 olim
1476 2833 1533 2883 et
1578 2830 1835 2883 Cornelio
1884 2832 2095 2894 Severo
2137 2830 2413 2883 tributum

495 2890 916 2962 Wernsderfius,
950 2894 1037 2943 vir
1068 2891 1418 2943 doctissimus
1452 2892 1678 2954 LuciliO,
1714 2903 1972 2954 germano
1992 2893 2205 2944 auctori
2228 2893 2418 2944 vindi-

496 2952 658 3065 cevlit.
695 2952 796 3003 Hic
829 2958 912 3022 est
941 2953 1182 3005 Lucilius
1218 2954 1332 3016 ille,
1367 2955 1436 3005 ad
1470 2964 1634 3017 quem
1667 2958 1885 3007 exstant
1917 2956 1972 3006 L.
2019 2956 2260 3007 Senecae
2293 2955 2417 3018 epi·
2495 2983 2500 2987 -

561 3077 622 3136 (2)
657 3075 933 3127 Bononiae
966 3077 1204 3138 primum
1240 3080 1297 3130 in
1329 3078 1509 3130 lucem
1541 3077 1869 3141 prodierunt
1914 3088 2001 3128 an.
2054 3083 2416 3129 nccccnxxlv,

558 3140 625 3199 (3)
656 3138 832 3189 Huius
867 3147 1033 3199 opera
1064 3140 1250 3191 omnia
1273 3140 1570 3202 perierunt.-
1594 3140 1831 3192 Fabulae
1854 3141 2335 3199 autemccnxxvss,
2360 3143 2420 3191 et.

499 3200 719 3251 Poetica
750 3200 1149 3262 Astronomica,
1185 3212 1322 3264 quae
1357 3201 1458 3256 sub
1492 3202 1610 3253 eius
1632 3204 1856 3253 nomine
1889 3202 2161 3263 feruntur,
2195 3201 2266 3252 ob
2300 3201 2424 3254 stili¹

496 3262 884 3323 inelegantiam
918 3262 983 3313 ab
1015 3266 1194 3313 aetate
1227 3265 1499 3325 Augustea
1530 3265 1827 3315 abliorrere
1860 3263 2140 3324 videntur,
2183 3273 2245 3313 ac
2286 3274 2426 3325 pro-

496 3327 684 3387 pterea
718 3335 749 3374 a
778 3324 983 3375 criticis
1015 3324 1253 3385 cuipiam
1275 3326 1547 3388 sequioris
1570 3328 1693 3377 aevi
1714 3327 2071 3390 grammatico
2093 3324 2261 3375 tribui
2286 3335 2420 3376 con·

499 3389 817 3439 sueverunt.
852 3385 906 3437 V.
933 3387 1244 3447 sennenn,
1270 3388 1346 3446 De
1371 3388 1566 3449 Hygini
1588 3388 1773 3450 script.
1799 3387 2030 3440 fabular.
2051 3389 2230 3439 aetate
2252 3390 2432 3449 atque

498 3448 630 3499 stilo
652 3447 727 3509 (in
760 3448 891 3500 edit.
928 3447 1484 3511 Mythographorum).
