<?xml version="1.0" encoding="UTF-8"?>
<!DOCTYPE html PUBLIC "-//W3C//DTD XHTML 1.0 Transitional//EN"
    "http://www.w3.org/TR/xhtml1/DTD/xhtml1-transitional.dtd">
<html xmlns="http://www.w3.org/1999/xhtml" xml:lang="en" lang="en">
 <head>
  <title>
</title>
<meta http-equiv="Content-Type" content="text/html;charset=utf-8" />
  <meta name='ocr-system' content='tesseract 3.04.00' />
  <meta name='ocr-capabilities' content='ocr_page ocr_carea ocr_par ocr_line ocrx_word'/>
</head>
<body>
  <div class='ocr_page' id='page_1' title='image "./historiacritica00vallgoog_0063.png"; bbox 0 0 2673 4295; ppageno 0'>
   <div class='ocr_carea' id='block_1_1' title="bbox 896 369 2220 436">
    <p class='ocr_par' dir='ltr' id='par_1_1' title="bbox 896 369 2220 436">
     <span class='ocr_line' id='line_1_1' title="bbox 896 369 2220 436; baseline -0.002 -2"><span class='ocrx_word' id='word_1_1' title='bbox 896 389 1014 436; x_wconf 77' lang='lat' dir='ltr'><strong>mn.</strong></span> <span class='ocrx_word' id='word_1_2' title='bbox 1058 391 1124 435; x_wconf 91' lang='lat'><strong>11.</strong></span> <span class='ocrx_word' id='word_1_3' title='bbox 1162 406 1189 418; x_wconf 91' lang='lat'><strong>-·</strong></span> <span class='ocrx_word' id='word_1_4' title='bbox 1221 388 1353 433; x_wconf 65' lang='lat' dir='ltr'><strong>car,</strong></span> <span class='ocrx_word' id='word_1_5' title='bbox 1407 389 1449 432; x_wconf 94' lang='lat'><strong>1.</strong></span> <span class='ocrx_word' id='word_1_6' title='bbox 2047 369 2127 432; x_wconf 83' lang='lat'><strong>55</strong></span> <span class='ocrx_word' id='word_1_7' title='bbox 2201 372 2220 391; x_wconf 80' lang='lat'><strong><em>‘</em></strong></span> 
     </span>
    </p>
   </div>
   <div class='ocr_carea' id='block_1_2' title="bbox 214 465 2162 3258">
    <p class='ocr_par' dir='ltr' id='par_1_2' title="bbox 214 465 2133 1008">
     <span class='ocr_line' id='line_1_2' title="bbox 215 465 2130 550; baseline 0.002 -22"><span class='ocrx_word' id='word_1_8' title='bbox 215 465 430 530; x_wconf 81' lang='lat' dir='ltr'><strong>victori</strong></span> <span class='ocrx_word' id='word_1_9' title='bbox 471 467 736 547; x_wconf 84' lang='lat' dir='ltr'><strong>gentium</strong></span> <span class='ocrx_word' id='word_1_10' title='bbox 778 471 1000 550; x_wconf 91' lang='lat' dir='ltr'><strong>populo</strong></span> <span class='ocrx_word' id='word_1_11' title='bbox 1041 470 1450 532; x_wconf 80' lang='lat' dir='ltr'><strong>adularentur.</strong></span> <span class='ocrx_word' id='word_1_12' title='bbox 1493 467 1582 529; x_wconf 84' lang='lat' dir='ltr'><strong>Ad</strong></span> <span class='ocrx_word' id='word_1_13' title='bbox 1625 466 1794 545; x_wconf 86' lang='lat' dir='ltr'><strong>haec,</strong></span> <span class='ocrx_word' id='word_1_14' title='bbox 1826 485 2012 548; x_wconf 89' lang='lat' dir='ltr'><strong>quum</strong></span> <span class='ocrx_word' id='word_1_15' title='bbox 2039 467 2130 531; x_wconf 90' lang='lat' dir='ltr'><strong>di-</strong></span> 
     </span>
     <span class='ocr_line' id='line_1_3' title="bbox 216 546 2130 629; baseline 0.002 -22"><span class='ocrx_word' id='word_1_16' title='bbox 216 546 610 625; x_wconf 82' lang='lat' dir='ltr'><strong>ligentissime</strong></span> <span class='ocrx_word' id='word_1_17' title='bbox 649 557 889 612; x_wconf 88' lang='lat' dir='ltr'><strong>senatus</strong></span> <span class='ocrx_word' id='word_1_18' title='bbox 928 567 1210 629; x_wconf 89' lang='lat' dir='ltr'><strong>romanus</strong></span> <span class='ocrx_word' id='word_1_19' title='bbox 1251 549 1314 609; x_wconf 89' lang='lat' dir='ltr'><strong>in</strong></span> <span class='ocrx_word' id='word_1_20' title='bbox 1356 548 1606 611; x_wconf 88' lang='lat' dir='ltr'><strong>Graecos</strong></span> <span class='ocrx_word' id='word_1_21' title='bbox 1641 548 1992 629; x_wconf 83' lang='lat' dir='ltr'>inquireret,</span> <span class='ocrx_word' id='word_1_22' title='bbox 2064 548 2130 611; x_wconf 90' lang='lat' dir='ltr'><strong>ui</strong></span> 
     </span>
     <span class='ocr_line' id='line_1_4' title="bbox 217 567 2130 708; baseline 0.002 -19"><span class='ocrx_word' id='word_1_23' title='bbox 217 625 418 690; x_wconf 88' lang='lat' dir='ltr'><strong>Persei</strong></span> <span class='ocrx_word' id='word_1_24' title='bbox 460 625 640 691; x_wconf 89' lang='lat' dir='ltr'><strong>rebus</strong></span> <span class='ocrx_word' id='word_1_25' title='bbox 679 629 1050 706; x_wconf 83' lang='lat' dir='ltr'><strong>studuerant,</strong></span> <span class='ocrx_word' id='word_1_26' title='bbox 1083 629 1418 708; x_wconf 84' lang='lat' dir='ltr'><strong>complures</strong></span> <span class='ocrx_word' id='word_1_27' title='bbox 1445 627 1692 690; x_wconf 81' lang='lat' dir='ltr'><strong>Romam</strong></span> <span class='ocrx_word' id='word_1_28' title='bbox 1726 567 2130 708; x_wconf 59' lang='lat' dir='ltr'><strong>perducengos</strong></span> 
     </span>
     <span class='ocr_line' id='line_1_5' title="bbox 220 707 2132 789; baseline 0.001 -21"><span class='ocrx_word' id='word_1_29' title='bbox 220 714 553 784; x_wconf 79' lang='lat' dir='ltr'><strong>curaverat,</strong></span> <span class='ocrx_word' id='word_1_30' title='bbox 597 714 665 770; x_wconf 89' lang='lat' dir='ltr'><strong>ut</strong></span> <span class='ocrx_word' id='word_1_31' title='bbox 705 708 978 770; x_wconf 90' lang='lat' dir='ltr'><strong>meritam</strong></span> <span class='ocrx_word' id='word_1_32' title='bbox 1020 709 1106 772; x_wconf 88' lang='lat' dir='ltr'><strong>eis</strong></span> <span class='ocrx_word' id='word_1_33' title='bbox 1146 726 1395 789; x_wconf 89' lang='lat' dir='ltr'><strong>poenam</strong></span> <span class='ocrx_word' id='word_1_34' title='bbox 1426 708 1736 786; x_wconf 72' lang='lat' dir='ltr'><strong>irrogaret.</strong></span> <span class='ocrx_word' id='word_1_35' title='bbox 1767 707 1834 769; x_wconf 93' lang='lat' dir='ltr'><strong>In</strong></span> <span class='ocrx_word' id='word_1_36' title='bbox 1862 707 1956 770; x_wconf 90' lang='lat' dir='ltr'><strong>his</strong></span> <span class='ocrx_word' id='word_1_37' title='bbox 1983 726 2132 770; x_wconf 92' lang='lat' dir='ltr'><strong>non-</strong></span> 
     </span>
     <span class='ocr_line' id='line_1_6' title="bbox 214 785 2125 865; baseline 0.002 -19"><span class='ocrx_word' id='word_1_38' title='bbox 214 785 375 849; x_wconf 83' lang='lat' dir='ltr'><strong>nulli</strong></span> <span class='ocrx_word' id='word_1_39' title='bbox 417 786 921 850; x_wconf 88' lang='lat' dir='ltr'><strong>enumerabantur</strong></span> <span class='ocrx_word' id='word_1_40' title='bbox 961 787 1298 850; x_wconf 89' lang='lat' dir='ltr'><strong>excellentis</strong></span> <span class='ocrx_word' id='word_1_41' title='bbox 1326 786 1551 865; x_wconf 86' lang='lat' dir='ltr'><strong>ingenii</strong></span> <span class='ocrx_word' id='word_1_42' title='bbox 1579 794 1638 849; x_wconf 92' lang='lat' dir='ltr'><strong>et</strong></span> <span class='ocrx_word' id='word_1_43' title='bbox 1664 786 1966 849; x_wconf 89' lang='lat' dir='ltr'><strong>doctrinae</strong></span> <span class='ocrx_word' id='word_1_44' title='bbox 1996 787 2125 860; x_wconf 87' lang='lat' dir='ltr'><strong>viri,</strong></span> 
     </span>
     <span class='ocr_line' id='line_1_7' title="bbox 221 865 2133 1006; baseline 0.002 -79"><span class='ocrx_word' id='word_1_45' title='bbox 221 865 554 1006; x_wconf 52' lang='lat' dir='ltr'><strong>{zuiuslrlnodi</strong></span> <span class='ocrx_word' id='word_1_46' title='bbox 595 867 840 930; x_wconf 86' lang='lat' dir='ltr'><strong>fuerunt</strong></span> <span class='ocrx_word' id='word_1_47' title='bbox 879 866 1156 948; x_wconf 77' lang='lat' dir='ltr'><strong>Polybius</strong></span> <span class='ocrx_word' id='word_1_48' title='bbox 1197 867 1515 930; x_wconf 91' lang='lat' dir='ltr'><strong>historicus</strong></span> <span class='ocrx_word' id='word_1_49' title='bbox 1553 874 1613 929; x_wconf 89' lang='lat' dir='ltr'><strong>et</strong></span> <span class='ocrx_word' id='word_1_50' title='bbox 1652 866 1966 931; x_wconf 88' lang='lat' dir='ltr'><strong>Panaetius</strong></span> <span class='ocrx_word' id='word_1_51' title='bbox 2002 867 2133 948; x_wconf 87' lang='lat' dir='ltr'><strong>phi·</strong></span> 
     </span>
     <span class='ocr_line' id='line_1_8' title="bbox 247 963 528 1008; baseline -0.007 0"><span class='ocrx_word' id='word_1_52' title='bbox 247 963 349 1008; x_wconf 88' lang='lat' dir='ltr'><strong>oso</strong></span> <span class='ocrx_word' id='word_1_53' title='bbox 434 964 528 1007; x_wconf 91' lang='lat' dir='ltr'><strong>us.</strong></span> 
     </span>
    </p>

    <p class='ocr_par' dir='ltr' id='par_1_3' title="bbox 222 964 2140 1644">
     <span class='ocr_line' id='line_1_9' title="bbox 303 964 2133 1107; baseline 0.002 -21"><span class='ocrx_word' id='word_1_54' title='bbox 303 964 498 1098; x_wconf 59' lang='lat' dir='ltr'><strong>Qipium</strong></span> <span class='ocrx_word' id='word_1_55' title='bbox 540 1023 728 1105; x_wconf 85' lang='lat' dir='ltr'><strong>igitur</strong></span> <span class='ocrx_word' id='word_1_56' title='bbox 766 1027 963 1105; x_wconf 84' lang='lat' dir='ltr'><strong>graeci</strong></span> <span class='ocrx_word' id='word_1_57' title='bbox 1005 1025 1272 1090; x_wconf 88' lang='lat' dir='ltr'><strong>rhetores</strong></span> <span class='ocrx_word' id='word_1_58' title='bbox 1312 1033 1371 1088; x_wconf 89' lang='lat' dir='ltr'><strong>et</strong></span> <span class='ocrx_word' id='word_1_59' title='bbox 1412 1024 1749 1106; x_wconf 87' lang='lat' dir='ltr'><strong>philosophi</strong></span> <span class='ocrx_word' id='word_1_60' title='bbox 1791 1025 1962 1088; x_wconf 89' lang='lat' dir='ltr'><strong>ludos</strong></span> <span class='ocrx_word' id='word_1_61' title='bbox 2016 1044 2133 1107; x_wconf 89' lang='lat' dir='ltr'><strong>pu-</strong></span> 
     </span>
     <span class='ocr_line' id='line_1_10' title="bbox 222 1102 2140 1187; baseline 0.001 -21"><span class='ocrx_word' id='word_1_62' title='bbox 222 1102 410 1167; x_wconf 88' lang='lat' dir='ltr'><strong>blicos</strong></span> <span class='ocrx_word' id='word_1_63' title='bbox 451 1104 674 1168; x_wconf 86' lang='lat' dir='ltr'><strong>Romae</strong></span> <span class='ocrx_word' id='word_1_64' title='bbox 716 1106 1111 1186; x_wconf 87' lang='lat' dir='ltr'><strong>aperuissent,</strong></span> <span class='ocrx_word' id='word_1_65' title='bbox 1155 1107 1224 1168; x_wconf 90' lang='lat' dir='ltr'><strong>ad</strong></span> <span class='ocrx_word' id='word_1_66' title='bbox 1268 1123 1418 1187; x_wconf 89' lang='lat' dir='ltr'><strong>quos</strong></span> <span class='ocrx_word' id='word_1_67' title='bbox 1456 1105 1633 1169; x_wconf 91' lang='lat' dir='ltr'><strong>itaret</strong></span> <span class='ocrx_word' id='word_1_68' title='bbox 1658 1123 1901 1168; x_wconf 91' lang='lat' dir='ltr'><strong>romana</strong></span> <span class='ocrx_word' id='word_1_69' title='bbox 1932 1106 2140 1169; x_wconf 89' lang='lat' dir='ltr'><strong>iuven·</strong></span> 
     </span>
     <span class='ocr_line' id='line_1_11' title="bbox 223 1182 2136 1261; baseline 0.001 -16"><span class='ocrx_word' id='word_1_70' title='bbox 223 1191 344 1261; x_wconf 88' lang='lat' dir='ltr'><strong>tus,</strong></span> <span class='ocrx_word' id='word_1_71' title='bbox 390 1182 553 1246; x_wconf 91' lang='lat' dir='ltr'><strong>brevi</strong></span> <span class='ocrx_word' id='word_1_72' title='bbox 592 1185 819 1248; x_wconf 81' lang='lat' dir='ltr'><strong>feroces</strong></span> <span class='ocrx_word' id='word_1_73' title='bbox 859 1185 1263 1250; x_wconf 89' lang='lat' dir='ltr'><strong>Romanorum</strong></span> <span class='ocrx_word' id='word_1_74' title='bbox 1318 1183 1506 1246; x_wconf 89' lang='lat' dir='ltr'><strong>animi</strong></span> <span class='ocrx_word' id='word_1_75' title='bbox 1554 1184 1991 1248; x_wconf 88' lang='lat' dir='ltr'><strong>liberalioribus</strong></span> <span class='ocrx_word' id='word_1_76' title='bbox 2037 1185 2136 1248; x_wconf 91' lang='lat' dir='ltr'><strong>di-</strong></span> 
     </span>
     <span class='ocr_line' id='line_1_12' title="bbox 224 1262 2136 1346; baseline 0.001 -22"><span class='ocrx_word' id='word_1_77' title='bbox 224 1262 495 1343; x_wconf 90' lang='lat' dir='ltr'><strong>sciplinis</strong></span> <span class='ocrx_word' id='word_1_78' title='bbox 536 1264 782 1327; x_wconf 86' lang='lat' dir='ltr'><strong>fuerunt</strong></span> <span class='ocrx_word' id='word_1_79' title='bbox 822 1265 1094 1328; x_wconf 91' lang='lat' dir='ltr'><strong>emolliti.</strong></span> <span class='ocrx_word' id='word_1_80' title='bbox 1138 1264 1465 1328; x_wconf 89' lang='lat' dir='ltr'><strong>Dolendum</strong></span> <span class='ocrx_word' id='word_1_81' title='bbox 1508 1264 1568 1326; x_wconf 91' lang='lat' dir='ltr'><strong>id</strong></span> <span class='ocrx_word' id='word_1_82' title='bbox 1597 1265 1861 1346; x_wconf 91' lang='lat' dir='ltr'><strong>quidem,</strong></span> <span class='ocrx_word' id='word_1_83' title='bbox 1892 1283 2136 1343; x_wconf 87' lang='lat' dir='ltr'><strong>graecos</strong></span> 
     </span>
     <span class='ocr_line' id='line_1_13' title="bbox 223 1340 2139 1426; baseline 0.002 -23"><span class='ocrx_word' id='word_1_84' title='bbox 223 1340 363 1405; x_wconf 88' lang='lat' dir='ltr'><strong>illos</strong></span> <span class='ocrx_word' id='word_1_85' title='bbox 390 1342 660 1406; x_wconf 87' lang='lat' dir='ltr'><strong>doctores</strong></span> <span class='ocrx_word' id='word_1_86' title='bbox 683 1343 837 1406; x_wconf 89' lang='lat' dir='ltr'><strong>haud</strong></span> <span class='ocrx_word' id='word_1_87' title='bbox 867 1344 949 1405; x_wconf 89' lang='lat' dir='ltr'><strong>ita</strong></span> <span class='ocrx_word' id='word_1_88' title='bbox 978 1345 1166 1408; x_wconf 91' lang='lat' dir='ltr'><strong>multo</strong></span> <span class='ocrx_word' id='word_1_89' title='bbox 1195 1352 1326 1426; x_wconf 90' lang='lat' dir='ltr'><strong>post</strong></span> <span class='ocrx_word' id='word_1_90' title='bbox 1354 1344 1863 1407; x_wconf 89' lang='lat' dir='ltr'><strong>senatusconsulto</strong></span> <span class='ocrx_word' id='word_1_91' title='bbox 1893 1363 1962 1407; x_wconf 86' lang='lat' dir='ltr'><strong>ex</strong></span> <span class='ocrx_word' id='word_1_92' title='bbox 1990 1343 2139 1407; x_wconf 83' lang='lat' dir='ltr'><strong>urbe</strong></span> 
     </span>
     <span class='ocr_line' id='line_1_14' title="bbox 225 1420 2139 1504; baseline 0.001 -20"><span class='ocrx_word' id='word_1_93' title='bbox 225 1420 449 1485; x_wconf 90' lang='lat' dir='ltr'><strong>eiectos</strong></span> <span class='ocrx_word' id='word_1_94' title='bbox 489 1420 694 1487; x_wconf 83' lang='lat' dir='ltr'><strong>fuisse.</strong></span> <span class='ocrx_word' id='word_1_95' title='bbox 751 1422 827 1485; x_wconf 87' lang='lat' dir='ltr'><strong>At</strong></span> <span class='ocrx_word' id='word_1_96' title='bbox 885 1424 1140 1486; x_wconf 90' lang='lat' dir='ltr'><strong>Romani</strong></span> <span class='ocrx_word' id='word_1_97' title='bbox 1199 1442 1336 1487; x_wconf 84' lang='lat' dir='ltr'><strong>mox</strong></span> <span class='ocrx_word' id='word_1_98' title='bbox 1397 1423 1575 1485; x_wconf 90' lang='lat' dir='ltr'><strong>aliam</strong></span> <span class='ocrx_word' id='word_1_99' title='bbox 1637 1425 2139 1504; x_wconf 84' lang='lat' dir='ltr'><strong>opportunitatem</strong></span> 
     </span>
     <span class='ocr_line' id='line_1_15' title="bbox 225 1501 2140 1642; baseline 0.002 -80"><span class='ocrx_word' id='word_1_100' title='bbox 225 1501 389 1642; x_wconf 54' lang='lat' dir='ltr'><strong>{iacti</strong></span> <span class='ocrx_word' id='word_1_101' title='bbox 417 1549 433 1579; x_wconf 95' lang='lat'>‚</span> <span class='ocrx_word' id='word_1_102' title='bbox 499 1501 776 1566; x_wconf 85' lang='lat' dir='ltr'><strong>alacriori</strong></span> <span class='ocrx_word' id='word_1_103' title='bbox 838 1503 1040 1567; x_wconf 87' lang='lat' dir='ltr'><strong>animo</strong></span> <span class='ocrx_word' id='word_1_104' title='bbox 1101 1502 1347 1585; x_wconf 88' lang='lat' dir='ltr'><strong>probata</strong></span> <span class='ocrx_word' id='word_1_105' title='bbox 1409 1505 1528 1567; x_wconf 91' lang='lat' dir='ltr'><strong>iam</strong></span> <span class='ocrx_word' id='word_1_106' title='bbox 1570 1501 1686 1565; x_wconf 89' lang='lat' dir='ltr'><strong>sibi</strong></span> <span class='ocrx_word' id='word_1_107' title='bbox 1727 1502 1921 1565; x_wconf 87' lang='lat' dir='ltr'><strong>studia</strong></span> <span class='ocrx_word' id='word_1_108' title='bbox 1964 1519 2140 1567; x_wconf 84' lang='lat' dir='ltr'><strong>exco-</strong></span> 
     </span>
     <span class='ocr_line' id='line_1_16' title="bbox 253 1588 496 1644; baseline 0 -3"><span class='ocrx_word' id='word_1_109' title='bbox 253 1588 496 1644; x_wconf 89' lang='lat' dir='ltr'><strong>uerunt.</strong></span> 
     </span>
    </p>

    <p class='ocr_par' dir='ltr' id='par_1_4' title="bbox 226 1658 2155 2919">
     <span class='ocr_line' id='line_1_17' title="bbox 308 1658 2143 1743; baseline 0.001 -21"><span class='ocrx_word' id='word_1_110' title='bbox 308 1658 702 1724; x_wconf 87' lang='lat' dir='ltr'><strong>Athenienses</strong></span> <span class='ocrx_word' id='word_1_111' title='bbox 725 1710 742 1740; x_wconf 94' lang='lat'><strong>,</strong></span> <span class='ocrx_word' id='word_1_112' title='bbox 805 1662 894 1724; x_wconf 89' lang='lat' dir='ltr'><strong>uti</strong></span> <span class='ocrx_word' id='word_1_113' title='bbox 956 1680 1136 1743; x_wconf 89' lang='lat' dir='ltr'><strong>supra</strong></span> <span class='ocrx_word' id='word_1_114' title='bbox 1196 1662 1423 1726; x_wconf 88' lang='lat' dir='ltr'><strong>dictum</strong></span> <span class='ocrx_word' id='word_1_115' title='bbox 1465 1669 1553 1725; x_wconf 88' lang='lat' dir='ltr'><strong>est</strong></span> <span class='ocrx_word' id='word_1_116' title='bbox 1593 1660 1711 1742; x_wconf 86' lang='lat'><strong>(1),</strong></span> <span class='ocrx_word' id='word_1_117' title='bbox 1756 1661 1830 1724; x_wconf 91' lang='lat' dir='ltr'><strong>ad</strong></span> <span class='ocrx_word' id='word_1_118' title='bbox 1871 1668 2143 1724; x_wconf 88' lang='lat' dir='ltr'><strong>senatum</strong></span> 
     </span>
     <span class='ocr_line' id='line_1_18' title="bbox 226 1740 2144 1822; baseline 0.001 -20"><span class='ocrx_word' id='word_1_119' title='bbox 226 1756 548 1802; x_wconf 88' lang='lat' dir='ltr'><strong>romanum</strong></span> <span class='ocrx_word' id='word_1_120' title='bbox 617 1747 738 1803; x_wconf 91' lang='lat' dir='ltr'><strong>tres</strong></span> <span class='ocrx_word' id='word_1_121' title='bbox 804 1741 970 1805; x_wconf 91' lang='lat' dir='ltr'><strong>illius</strong></span> <span class='ocrx_word' id='word_1_122' title='bbox 1031 1742 1241 1805; x_wconf 88' lang='lat' dir='ltr'><strong>aetatis</strong></span> <span class='ocrx_word' id='word_1_123' title='bbox 1301 1741 1702 1804; x_wconf 88' lang='lat' dir='ltr'><strong>nobilissimos</strong></span> <span class='ocrx_word' id='word_1_124' title='bbox 1761 1740 2144 1822; x_wconf 83' lang='lat' dir='ltr'><strong>philosophos</strong></span> 
     </span>
     <span class='ocr_line' id='line_1_19' title="bbox 228 1819 2141 1901; baseline 0.001 -21"><span class='ocrx_word' id='word_1_125' title='bbox 228 1819 593 1898; x_wconf 84' lang='lat' dir='ltr'><strong>legaverant,</strong></span> <span class='ocrx_word' id='word_1_126' title='bbox 637 1819 998 1884; x_wconf 88' lang='lat' dir='ltr'><strong>Carneadem</strong></span> <span class='ocrx_word' id='word_1_127' title='bbox 1041 1841 1112 1883; x_wconf 83' lang='lat' dir='ltr'><strong>ex</strong></span> <span class='ocrx_word' id='word_1_128' title='bbox 1153 1822 1478 1901; x_wconf 87' lang='lat' dir='ltr'><strong>academia,</strong></span> <span class='ocrx_word' id='word_1_129' title='bbox 1519 1820 1834 1899; x_wconf 84' lang='lat' dir='ltr'><strong>Diogenem</strong></span> <span class='ocrx_word' id='word_1_130' title='bbox 1864 1821 2141 1896; x_wconf 90' lang='lat' dir='ltr'><strong>stoicum,</strong></span> 
     </span>
     <span class='ocr_line' id='line_1_20' title="bbox 230 1899 2143 1981; baseline 0.001 -20"><span class='ocrx_word' id='word_1_131' title='bbox 230 1905 292 1961; x_wconf 85' lang='lat' dir='ltr'><strong>et</strong></span> <span class='ocrx_word' id='word_1_132' title='bbox 330 1899 660 1962; x_wconf 89' lang='lat' dir='ltr'><strong>Critolaum</strong></span> <span class='ocrx_word' id='word_1_133' title='bbox 702 1900 1155 1981; x_wconf 88' lang='lat' dir='ltr'><strong>peripateticum</strong></span> <span class='ocrx_word' id='word_1_134' title='bbox 1183 1950 1199 1979; x_wconf 94' lang='lat'><strong>,</strong></span> <span class='ocrx_word' id='word_1_135' title='bbox 1263 1901 1647 1981; x_wconf 89' lang='lat' dir='ltr'><strong>impetratum</strong></span> <span class='ocrx_word' id='word_1_136' title='bbox 1712 1901 1799 1962; x_wconf 91' lang='lat' dir='ltr'><strong>uti</strong></span> <span class='ocrx_word' id='word_1_137' title='bbox 1861 1899 2143 1962; x_wconf 89' lang='lat' dir='ltr'><strong>mulctam</strong></span> 
     </span>
     <span class='ocr_line' id='line_1_21' title="bbox 230 1976 2144 2061; baseline 0 -22"><span class='ocrx_word' id='word_1_138' title='bbox 230 1979 630 2056; x_wconf 88' lang='lat' dir='ltr'><strong>remitterent,</strong></span> <span class='ocrx_word' id='word_1_139' title='bbox 674 1997 852 2060; x_wconf 91' lang='lat' dir='ltr'><strong>quam</strong></span> <span class='ocrx_word' id='word_1_140' title='bbox 895 1979 1158 2043; x_wconf 85' lang='lat' dir='ltr'><strong>fecerant</strong></span> <span class='ocrx_word' id='word_1_141' title='bbox 1198 1989 1441 2061; x_wconf 90' lang='lat' dir='ltr'><strong>propter</strong></span> <span class='ocrx_word' id='word_1_142' title='bbox 1492 1976 1674 2058; x_wconf 91' lang='lat' dir='ltr'><strong>Oropi</strong></span> <span class='ocrx_word' id='word_1_143' title='bbox 1734 1978 2144 2044; x_wconf 88' lang='lat' dir='ltr'><strong>vastationem.</strong></span> 
     </span>
     <span class='ocr_line' id='line_1_22' title="bbox 227 2057 2148 2139; baseline 0 -19"><span class='ocrx_word' id='word_1_144' title='bbox 227 2057 467 2120; x_wconf 87' lang='lat' dir='ltr'><strong>Talium</strong></span> <span class='ocrx_word' id='word_1_145' title='bbox 509 2058 773 2121; x_wconf 83' lang='lat' dir='ltr'><strong>virorum</strong></span> <span class='ocrx_word' id='word_1_146' title='bbox 815 2059 1104 2139; x_wconf 90' lang='lat' dir='ltr'><strong>sapientia</strong></span> <span class='ocrx_word' id='word_1_147' title='bbox 1147 2077 1428 2122; x_wconf 87' lang='lat' dir='ltr'><strong>romanae</strong></span> <span class='ocrx_word' id='word_1_148' title='bbox 1469 2057 1789 2120; x_wconf 87' lang='lat' dir='ltr'><strong>iuventutis</strong></span> <span class='ocrx_word' id='word_1_149' title='bbox 1829 2059 2021 2120; x_wconf 90' lang='lat' dir='ltr'><strong>studia</strong></span> <span class='ocrx_word' id='word_1_150' title='bbox 2060 2057 2148 2120; x_wconf 85' lang='lat' dir='ltr'><strong>sic</strong></span> 
     </span>
     <span class='ocr_line' id='line_1_23' title="bbox 230 2138 2150 2219; baseline -0.001 -19"><span class='ocrx_word' id='word_1_151' title='bbox 230 2139 527 2217; x_wconf 87' lang='lat' dir='ltr'><strong>accendit,</strong></span> <span class='ocrx_word' id='word_1_152' title='bbox 572 2146 640 2201; x_wconf 94' lang='lat' dir='ltr'><strong>ut</strong></span> <span class='ocrx_word' id='word_1_153' title='bbox 678 2139 752 2202; x_wconf 89' lang='lat' dir='ltr'><strong>ad</strong></span> <span class='ocrx_word' id='word_1_154' title='bbox 792 2138 928 2202; x_wconf 90' lang='lat' dir='ltr'><strong>illos</strong></span> <span class='ocrx_word' id='word_1_155' title='bbox 968 2140 1249 2219; x_wconf 86' lang='lat' dir='ltr'><strong>frequens</strong></span> <span class='ocrx_word' id='word_1_156' title='bbox 1288 2138 1638 2219; x_wconf 90' lang='lat' dir='ltr'><strong>disciplinae</strong></span> <span class='ocrx_word' id='word_1_157' title='bbox 1665 2145 1871 2201; x_wconf 85' lang='lat' dir='ltr'><strong>caussa</strong></span> <span class='ocrx_word' id='word_1_158' title='bbox 1901 2155 2150 2201; x_wconf 88' lang='lat' dir='ltr'><strong>concur-</strong></span> 
     </span>
     <span class='ocr_line' id='line_1_24' title="bbox 228 2217 2152 2294; baseline 0 -13"><span class='ocrx_word' id='word_1_159' title='bbox 228 2225 416 2282; x_wconf 88' lang='lat' dir='ltr'><strong>reret.</strong></span> <span class='ocrx_word' id='word_1_160' title='bbox 463 2218 612 2282; x_wconf 89' lang='lat' dir='ltr'><strong>Prae</strong></span> <span class='ocrx_word' id='word_1_161' title='bbox 654 2221 904 2294; x_wconf 85' lang='lat' dir='ltr'><strong>caeteris</strong></span> <span class='ocrx_word' id='word_1_162' title='bbox 934 2220 1323 2284; x_wconf 69' lang='lat' dir='ltr'><strong>‘admirationi</strong></span> <span class='ocrx_word' id='word_1_163' title='bbox 1362 2220 1476 2282; x_wconf 86' lang='lat' dir='ltr'><strong>fuit</strong></span> <span class='ocrx_word' id='word_1_164' title='bbox 1502 2218 1816 2282; x_wconf 89' lang='lat' dir='ltr'><strong>Carneadis</strong></span> <span class='ocrx_word' id='word_1_165' title='bbox 1846 2217 1931 2280; x_wconf 89' lang='lat' dir='ltr'><strong>vis</strong></span> <span class='ocrx_word' id='word_1_166' title='bbox 1958 2218 2152 2281; x_wconf 85' lang='lat' dir='ltr'><strong>incre-</strong></span> 
     </span>
     <span class='ocr_line' id='line_1_25' title="bbox 231 2296 2152 2379; baseline -0.001 -19"><span class='ocrx_word' id='word_1_167' title='bbox 231 2296 436 2361; x_wconf 87' lang='lat' dir='ltr'><strong>dibilis</strong></span> <span class='ocrx_word' id='word_1_168' title='bbox 477 2298 579 2360; x_wconf 90' lang='lat' dir='ltr'><strong>illa</strong></span> <span class='ocrx_word' id='word_1_169' title='bbox 621 2299 879 2376; x_wconf 87' lang='lat' dir='ltr'><strong>dicendi,</strong></span> <span class='ocrx_word' id='word_1_170' title='bbox 923 2299 1028 2379; x_wconf 90' lang='lat' dir='ltr'><strong>qui</strong></span> <span class='ocrx_word' id='word_1_171' title='bbox 1067 2301 1295 2361; x_wconf 89' lang='lat' dir='ltr'><strong>nullam</strong></span> <span class='ocrx_word' id='word_1_172' title='bbox 1338 2317 1603 2379; x_wconf 87' lang='lat' dir='ltr'><strong>unquam</strong></span> <span class='ocrx_word' id='word_1_173' title='bbox 1651 2298 1717 2360; x_wconf 91' lang='lat' dir='ltr'><strong>in</strong></span> <span class='ocrx_word' id='word_1_174' title='bbox 1771 2298 1895 2361; x_wconf 87' lang='lat' dir='ltr'><strong>suis</strong></span> <span class='ocrx_word' id='word_1_175' title='bbox 1948 2296 2152 2377; x_wconf 77' lang='lat' dir='ltr'><strong>dispu-</strong></span> 
     </span>
     <span class='ocr_line' id='line_1_26' title="bbox 231 2376 2149 2462; baseline 0 -24"><span class='ocrx_word' id='word_1_176' title='bbox 231 2376 562 2441; x_wconf 82' lang='lat' dir='ltr'><strong>tationibus</strong></span> <span class='ocrx_word' id='word_1_177' title='bbox 600 2397 727 2442; x_wconf 91' lang='lat' dir='ltr'><strong>rem</strong></span> <span class='ocrx_word' id='word_1_178' title='bbox 769 2378 1138 2457; x_wconf 89' lang='lat' dir='ltr'><strong>defendebat,</strong></span> <span class='ocrx_word' id='word_1_179' title='bbox 1183 2398 1363 2462; x_wconf 90' lang='lat' dir='ltr'><strong>quam</strong></span> <span class='ocrx_word' id='word_1_180' title='bbox 1402 2396 1523 2442; x_wconf 92' lang='lat' dir='ltr'><strong>non</strong></span> <span class='ocrx_word' id='word_1_181' title='bbox 1564 2377 1874 2459; x_wconf 89' lang='lat' dir='ltr'><strong>probaret,</strong></span> <span class='ocrx_word' id='word_1_182' title='bbox 1919 2377 2149 2439; x_wconf 89' lang='lat' dir='ltr'><strong>nullam</strong></span> 
     </span>
     <span class='ocr_line' id='line_1_27' title="bbox 237 2455 2152 2540; baseline 0 -21"><span class='ocrx_word' id='word_1_183' title='bbox 237 2457 640 2537; x_wconf 86' lang='lat' dir='ltr'><strong>oppugnabat,</strong></span> <span class='ocrx_word' id='word_1_184' title='bbox 683 2459 828 2540; x_wconf 92' lang='lat' dir='ltr'><strong>quin</strong></span> <span class='ocrx_word' id='word_1_185' title='bbox 870 2465 1178 2522; x_wconf 86' lang='lat' dir='ltr'><strong>everteret.</strong></span> <span class='ocrx_word' id='word_1_186' title='bbox 1221 2458 1591 2538; x_wconf 83' lang='lat' dir='ltr'><strong>Quamquam</strong></span> <span class='ocrx_word' id='word_1_187' title='bbox 1632 2473 1805 2535; x_wconf 89' lang='lat' dir='ltr'><strong>vero,</strong></span> <span class='ocrx_word' id='word_1_188' title='bbox 1848 2455 2152 2519; x_wconf 79' lang='lat' dir='ltr'><strong>adnitente</strong></span> 
     </span>
     <span class='ocr_line' id='line_1_28' title="bbox 237 2534 2155 2618; baseline 0.002 -23"><span class='ocrx_word' id='word_1_189' title='bbox 237 2538 588 2617; x_wconf 86' lang='lat' dir='ltr'><strong>praesertim</strong></span> <span class='ocrx_word' id='word_1_190' title='bbox 632 2534 873 2613; x_wconf 88' lang='lat' dir='ltr'><strong>Catone,</strong></span> <span class='ocrx_word' id='word_1_191' title='bbox 918 2537 1289 2601; x_wconf 86' lang='lat' dir='ltr'><strong>celeberrimi</strong></span> <span class='ocrx_word' id='word_1_192' title='bbox 1330 2538 1421 2600; x_wconf 92' lang='lat' dir='ltr'><strong>illi</strong></span> <span class='ocrx_word' id='word_1_193' title='bbox 1477 2535 1813 2618; x_wconf 90' lang='lat' dir='ltr'><strong>philosophi</strong></span> <span class='ocrx_word' id='word_1_194' title='bbox 1862 2536 1926 2597; x_wconf 91' lang='lat' dir='ltr'><strong>in</strong></span> <span class='ocrx_word' id='word_1_195' title='bbox 1973 2535 2155 2598; x_wconf 87' lang='lat' dir='ltr'><strong>Grae·</strong></span> 
     </span>
     <span class='ocr_line' id='line_1_29' title="bbox 237 2613 2153 2696; baseline -0.002 -17"><span class='ocrx_word' id='word_1_196' title='bbox 237 2616 395 2679; x_wconf 89' lang='lat' dir='ltr'><strong>ciam</strong></span> <span class='ocrx_word' id='word_1_197' title='bbox 436 2616 681 2680; x_wconf 78' lang='lat' dir='ltr'><strong>fuerunt</strong></span> <span class='ocrx_word' id='word_1_198' title='bbox 721 2617 999 2693; x_wconf 84' lang='lat' dir='ltr'><strong>remissi3</strong></span> <span class='ocrx_word' id='word_1_199' title='bbox 1040 2624 1307 2679; x_wconf 79' lang='lat' dir='ltr'><strong>attamen.</strong></span> <span class='ocrx_word' id='word_1_200' title='bbox 1380 2634 1587 2680; x_wconf 87' lang='lat' dir='ltr'><strong>raecae</strong></span> <span class='ocrx_word' id='word_1_201' title='bbox 1629 2613 2036 2696; x_wconf 90' lang='lat' dir='ltr'><strong>philosophiae</strong></span> <span class='ocrx_word' id='word_1_202' title='bbox 2094 2623 2153 2679; x_wconf 90' lang='lat' dir='ltr'><strong>et</strong></span> 
     </span>
     <span class='ocr_line' id='line_1_30' title="bbox 235 2637 2154 2774; baseline -0.001 -15"><span class='ocrx_word' id='word_1_203' title='bbox 235 2712 590 2774; x_wconf 81' lang='lat' dir='ltr'><strong>graecarum</strong></span> <span class='ocrx_word' id='word_1_204' title='bbox 632 2696 965 2761; x_wconf 90' lang='lat' dir='ltr'><strong>litterarum</strong></span> <span class='ocrx_word' id='word_1_205' title='bbox 1008 2697 1269 2759; x_wconf 89' lang='lat' dir='ltr'><strong>studium</strong></span> <span class='ocrx_word' id='word_1_206' title='bbox 1331 2637 1734 2759; x_wconf 47' lang='lat' dir='ltr'><strong>Romanorum</strong></span> <span class='ocrx_word' id='word_1_207' title='bbox 1797 2696 2026 2757; x_wconf 89' lang='lat' dir='ltr'><strong>animos</strong></span> <span class='ocrx_word' id='word_1_208' title='bbox 2068 2696 2154 2757; x_wconf 92' lang='lat' dir='ltr'><strong>sic</strong></span> 
     </span>
     <span class='ocr_line' id='line_1_31' title="bbox 237 2774 2152 2858; baseline -0.001 -19"><span class='ocrx_word' id='word_1_209' title='bbox 237 2784 501 2856; x_wconf 87' lang='lat' dir='ltr'><strong>ceperat,</strong></span> <span class='ocrx_word' id='word_1_210' title='bbox 545 2784 613 2838; x_wconf 88' lang='lat' dir='ltr'><strong>ut</strong></span> <span class='ocrx_word' id='word_1_211' title='bbox 652 2777 887 2840; x_wconf 88' lang='lat' dir='ltr'><strong>insitiva</strong></span> <span class='ocrx_word' id='word_1_212' title='bbox 950 2778 1203 2858; x_wconf 89' lang='lat' dir='ltr'><strong>quadam</strong></span> <span class='ocrx_word' id='word_1_213' title='bbox 1263 2776 1576 2857; x_wconf 88' lang='lat' dir='ltr'><strong>disciplina</strong></span> <span class='ocrx_word' id='word_1_214' title='bbox 1638 2775 1970 2837; x_wconf 89' lang='lat' dir='ltr'><strong>doctiorin</strong></span> <span class='ocrx_word' id='word_1_215' title='bbox 2025 2774 2152 2838; x_wconf 75' lang='lat' dir='ltr'><strong>dies</strong></span> 
     </span>
     <span class='ocr_line' id='line_1_32' title="bbox 239 2855 678 2919; baseline 0.002 -2"><span class='ocrx_word' id='word_1_216' title='bbox 239 2856 413 2917; x_wconf 86' lang='lat' dir='ltr'><strong>fieret</strong></span> <span class='ocrx_word' id='word_1_217' title='bbox 451 2855 678 2919; x_wconf 84' lang='lat' dir='ltr'><strong>civitas.</strong></span> 
     </span>
    </p>

    <p class='ocr_par' dir='ltr' id='par_1_5' title="bbox 242 2934 2162 3258">
     <span class='ocr_line' id='line_1_33' title="bbox 322 2934 2141 3016; baseline -0.002 -19"><span class='ocrx_word' id='word_1_218' title='bbox 322 2934 413 2997; x_wconf 87' lang='lat' dir='ltr'><strong>Ad</strong></span> <span class='ocrx_word' id='word_1_219' title='bbox 453 2934 890 3016; x_wconf 88' lang='lat' dir='ltr'><strong>philosophiam</strong></span> <span class='ocrx_word' id='word_1_220' title='bbox 932 2934 1090 3015; x_wconf 90' lang='lat' dir='ltr'><strong>quod</strong></span> <span class='ocrx_word' id='word_1_221' title='bbox 1130 2936 1362 3012; x_wconf 89' lang='lat' dir='ltr'><strong>attinet,</strong></span> <span class='ocrx_word' id='word_1_222' title='bbox 1406 2934 1572 2995; x_wconf 90' lang='lat' dir='ltr'><strong>illam</strong></span> <span class='ocrx_word' id='word_1_223' title='bbox 1615 2935 1965 3013; x_wconf 87' lang='lat' dir='ltr'><strong>praesertim</strong></span> <span class='ocrx_word' id='word_1_224' title='bbox 2022 2950 2141 3013; x_wconf 87' lang='lat' dir='ltr'><strong>par·</strong></span> 
     </span>
     <span class='ocr_line' id='line_1_34' title="bbox 243 3013 2158 3097; baseline -0.003 -18"><span class='ocrx_word' id='word_1_225' title='bbox 243 3023 364 3079; x_wconf 85' lang='lat' dir='ltr'><strong>tem</strong></span> <span class='ocrx_word' id='word_1_226' title='bbox 407 3022 762 3097; x_wconf 83' lang='lat' dir='ltr'><strong>tractarunt,</strong></span> <span class='ocrx_word' id='word_1_227' title='bbox 807 3014 872 3076; x_wconf 92' lang='lat' dir='ltr'><strong>in</strong></span> <span class='ocrx_word' id='word_1_228' title='bbox 914 3034 1027 3095; x_wconf 90' lang='lat' dir='ltr'><strong>qua</strong></span> <span class='ocrx_word' id='word_1_229' title='bbox 1072 3014 1145 3078; x_wconf 89' lang='lat' dir='ltr'><strong>de</strong></span> <span class='ocrx_word' id='word_1_230' title='bbox 1186 3014 1359 3086; x_wconf 82' lang='lat' dir='ltr'><strong>honis</strong></span> <span class='ocrx_word' id='word_1_231' title='bbox 1398 3013 1575 3077; x_wconf 88' lang='lat' dir='ltr'><strong>rebus</strong></span> <span class='ocrx_word' id='word_1_232' title='bbox 1615 3021 1675 3076; x_wconf 90' lang='lat' dir='ltr'><strong>et</strong></span> <span class='ocrx_word' id='word_1_233' title='bbox 1715 3014 1924 3091; x_wconf 88' lang='lat' dir='ltr'><strong>malis,</strong></span> <span class='ocrx_word' id='word_1_234' title='bbox 1968 3013 2158 3091; x_wconf 89' lang='lat' dir='ltr'><strong>deque</strong></span> 
     </span>
     <span class='ocr_line' id='line_1_35' title="bbox 242 3091 2157 3159; baseline -0.003 -1"><span class='ocrx_word' id='word_1_235' title='bbox 242 3096 557 3159; x_wconf 84' lang='lat' dir='ltr'><strong>bominum</strong></span> <span class='ocrx_word' id='word_1_236' title='bbox 617 3094 734 3157; x_wconf 86' lang='lat' dir='ltr'><strong>vita</strong></span> <span class='ocrx_word' id='word_1_237' title='bbox 795 3102 854 3158; x_wconf 90' lang='lat' dir='ltr'><strong>et</strong></span> <span class='ocrx_word' id='word_1_238' title='bbox 915 3092 1179 3157; x_wconf 88' lang='lat' dir='ltr'><strong>moribus</strong></span> <span class='ocrx_word' id='word_1_239' title='bbox 1239 3093 1329 3156; x_wconf 91' lang='lat' dir='ltr'><strong>dis</strong></span> <span class='ocrx_word' id='word_1_240' title='bbox 1374 3100 1597 3154; x_wconf 89' lang='lat' dir='ltr'><strong>utatur.</strong></span> <span class='ocrx_word' id='word_1_241' title='bbox 1664 3092 1827 3155; x_wconf 92' lang='lat' dir='ltr'><strong>Hanc</strong></span> <span class='ocrx_word' id='word_1_242' title='bbox 1882 3091 2041 3155; x_wconf 92' lang='lat' dir='ltr'><strong>enim</strong></span> <span class='ocrx_word' id='word_1_243' title='bbox 2085 3091 2157 3153; x_wconf 89' lang='lat' dir='ltr'><strong>ad</strong></span> 
     </span>
     <span class='ocr_line' id='line_1_36' title="bbox 244 3172 2162 3258; baseline -0.005 -18"><span class='ocrx_word' id='word_1_244' title='bbox 244 3175 614 3258; x_wconf 85' lang='lat' dir='ltr'><strong>reipublicae</strong></span> <span class='ocrx_word' id='word_1_245' title='bbox 675 3174 992 3238; x_wconf 87' lang='lat' dir='ltr'><strong>utilitatem</strong></span> <span class='ocrx_word' id='word_1_246' title='bbox 1053 3180 1229 3255; x_wconf 90' lang='lat' dir='ltr'><strong>atque</strong></span> <span class='ocrx_word' id='word_1_247' title='bbox 1284 3191 1317 3235; x_wconf 94' lang='lat' dir='ltr'><strong>a</strong></span> <span class='ocrx_word' id='word_1_248' title='bbox 1410 3172 1626 3236; x_wconf 89' lang='lat' dir='ltr'><strong>civium</strong></span> <span class='ocrx_word' id='word_1_249' title='bbox 1671 3172 1977 3237; x_wconf 87' lang='lat' dir='ltr'><strong>commoda</strong></span> <span class='ocrx_word' id='word_1_250' title='bbox 2021 3187 2162 3233; x_wconf 88' lang='lat' dir='ltr'><strong>con-</strong></span> 
     </span>
    </p>
   </div>
   <div class='ocr_carea' id='block_1_3' title="bbox 311 3411 839 3479">
    <p class='ocr_par' dir='ltr' id='par_1_6' title="bbox 311 3411 839 3479">
     <span class='ocr_line' id='line_1_37' title="bbox 311 3411 839 3479; baseline -0.006 -8"><span class='ocrx_word' id='word_1_251' title='bbox 311 3417 377 3479; x_wconf 78' lang='grc'><strong>(1)</strong></span> <span class='ocrx_word' id='word_1_252' title='bbox 408 3416 525 3471; x_wconf 76' lang='lat' dir='ltr'><strong>Lib.</strong></span> <span class='ocrx_word' id='word_1_253' title='bbox 563 3411 607 3478; x_wconf 87' lang='lat'><strong>1,&#39;</strong></span> <span class='ocrx_word' id='word_1_254' title='bbox 640 3426 754 3479; x_wconf 79' lang='lat' dir='ltr'><strong>cap.</strong></span> <span class='ocrx_word' id='word_1_255' title='bbox 790 3419 839 3468; x_wconf 81' lang='lat'><strong>9.</strong></span> 
     </span>
    </p>
   </div>
   <div class='ocr_carea' id='block_1_4' title="bbox 360 4137 2118 4160">
    <p class='ocr_par' dir='ltr' id='par_1_7' title="bbox 360 4137 2118 4160">
     <span class='ocr_line' id='line_1_38' title="bbox 360 4137 2118 4160; baseline -0.008 -4"><span class='ocrx_word' id='word_1_256' title='bbox 360 4143 519 4158; x_wconf 38' lang='grc' dir='ltr'><strong>κᾶν»</strong></span> <span class='ocrx_word' id='word_1_257' title='bbox 2093 4137 2118 4160; x_wconf 20' lang='lat'><strong>,¹1</strong></span> 
     </span>
    </p>
   </div>
  </div>
 </body>
</html>
