2673 4295
954 343 1070 389 nra.
1117 343 1205 389 111.
1250 360 1278 373 -
1310 343 1444 389 cap,
1491 340 1549 389 v.
2094 328 2199 390 131

387 424 695 487 Caeterum
739 423 789 485 si
833 442 1005 503 quem
1053 425 1200 488 forte
1242 425 1402 487 iuvet
1445 432 1560 487 tres
1604 426 1947 505 praecipuos
1990 432 2211 506 satyra·

298 523 440 567 rum
485 504 842 580 conditoreS‚
888 504 989 583 qui
1032 505 1188 584 apud
1231 506 1527 567 Romanos
1569 506 1915 581 floruerunt,
1960 523 2079 567 uno
2108 512 2208 566 aut

297 585 494 646 altero
537 583 711 645 verbo
753 585 836 645 sic
877 584 1217 663 depingere,
1264 594 1328 645 ut
1365 593 1498 665 apte
1527 587 1681 647 inter
1709 604 1771 646 se
1799 584 2210 647 discriminen-

300 671 429 739 tur,
473 662 627 724 haud
673 662 993 725 absurdum
1036 664 1148 725 erit
1189 663 1409 740 dicere,
1455 663 1763 725 Horatium
1806 666 2025 740 ridere,
2071 664 2209 727 Per-

297 744 463 807 sium
519 745 815 805 convz'cz'ari
841 791 857 820 ‚
902 743 1232 805 Iuvenalem
1280 746 1612 814 declamare.
1659 744 1920 805 Priorem
1965 744 2207 805 aulicum

297 822 948 983 virun(11)appellaveris‚
994 823 1245 885 alterum
1288 825 1698 901 scholasticum,
1745 824 1983 886 tertium
2023 826 2209 903 foren-

295 922 421 967 sem
567 949 580 964 .

1087 1071 1318 1135 CAPVT
1360 1071 1429 1135 V.

886 1187 889 1190 ’
912 1222 986 1267 ΒΕ
1027 1221 1256 1267 FABULA
1296 1222 1604 1269 AESOPICA.

1101 1389 1407 1452 Phaedrus.

392 1539 477 1600 Ad
519 1537 800 1619 satyricos
842 1544 1043 1618 poetas
1083 1537 1308 1600 accedit
1353 1538 1659 1615 Phaedrus,
1720 1536 1819 1617 qui
1876 1537 2207 1601 fabularum

300 1619 630 1682 involucris
672 1618 1075 1698 improborum
1122 1618 1254 1678 vitia
1300 1618 1475 1689 ridet,
1522 1624 1696 1697 atque
1728 1636 2209 1698 unumquemque

300 1699 405 1761 sui
447 1699 720 1760 admonet
762 1695 958 1760 o‘ffieii.
1007 1696 1114 1759 Hic
1155 1697 1394 1759 natione
1435 1696 1647 1772 Thrax,
1693 1715 1809 1776 quo
1851 1714 2035 1773 anno,
2081 1699 2212 1776 qui-

300 1778 422 1840 hus
464 1776 806 1858 parentibus
848 1777 925 1838 sit
966 1785 1153 1853 ortuS‚
1199 1785 1257 1838 et
1298 1794 1415 1856 quo
1456 1777 1691 1839 demum
1722 1796 1859 1838 casu
1890 1778 1952 1837 in
1982 1777 2208 1838 ltaliam

301 1858 558 1933 venerit,
602 1875 721 1919 non
765 1863 1012 1919 constat.
1059 1856 1180 1918 Hoc
1221 1875 1405 1917 unum
1450 1855 1660 1918 litteris
1717 1856 2015 1936 proditum
2079 1863 2201 1929 est,

300 1936 811 1999 adolescentulum
868 1935 931 1996 in
993 1935 1396 1997 Romanorum
1459 1936 1800 1997 servitutem
1864 1936 2202 2007 redactum,

301 2033 447 2079 mox
475 2015 548 2076 ab
578 2017 836 2093 Augusto
878 2015 1058 2077 fuisse
1101 2015 1573 2089 manumissum3
1619 2022 1698 2091 et,
1741 2014 1976 2077 Tiberio
2017 2015 2210 2095 impe-

302 2103 480 2158 rante
507 2144 522 2169 ‚
567 2094 780 2158 Seiano
822 2095 1074 2157 invisum
1120 2093 1436 2156 maximam
1494 2094 1751 2174 aliquam
1815 2094 2207 2158 calamitatem

304 2176 624 2260 pertulisse
667 2175 787 2254 (Ξ).

393 2255 627 2316 Exstant
669 2254 917 2316 Phaedri
960 2254 1299 2315 Fabularum
1345 2253 1483 2317 libri
1522 2271 1581 2332 v,
1626 2253 1740 2315 Eut
1779 2255 1910 2331 eho,
1947 2254 2208 2316 Particu-

304 2336 435 2396 loni
477 2342 533 2396 et
586 2335 814 2396 Phileto
876 2334 1081 2396 amicis
1144 2333 1455 2413 inscripti3
1519 2334 1583 2425 ip
1645 2336 1744 2415 qui
1793 2353 1858 2394 us
1918 2335 2209 2413 Aesopum

307 2420 548 2476 secutus
575 2463 590 2491 ‚
658 2413 959 2494 complura
1023 2431 1254 2476 morum
1319 2422 1377 2475 et
1418 2415 1605 2492 civilis
1648 2414 1992 2493 prudentiae
2034 2413 2214 2474 docu-

312 2502 510 2555 menta
555 2493 771 2574 passim
814 2493 1094 2572 inspersit
1133 2493 1249 2572 (3).
1295 2493 1417 2555 Hoc
1453 2493 1735 2553 nimirum
1769 2491 1896 2553 fieri
1924 2491 2210 2569 videmuS‚

309 2579 385 2634 ut
424 2592 534 2652 qua
581 2580 921 2652 tempestate
963 2572 1303 2635 hominibus
1346 2573 1540 2633 fraudi
1583 2578 1775 2648 esset,
1821 2589 1970 2650 quae
2012 2570 2211 2633 animo

307 2653 570 2718 sentiant
611 2651 799 2715 libero
840 2667 940 2715 ore
984 2653 1271 2731 proferre,
1317 2652 1390 2712 ad
1431 2652 1533 2713 illa
1575 2650 1963 2730 scriptionum
1996 2668 2209 2728 genera

309 2935 354 2988 C
383 2875 441 2933 (1)
464 2873 683 2986 lillorum
716 2872 883 2924 trium
915 2873 1146 2925 virtutes
1179 2872 1330 2924 hisce
1365 2869 1652 2925 versiculis
1687 2869 1831 2921 inter
1879 2880 1937 2921 se
1986 2871 2217 2924 contulit

395 2947 427 2998 p
625 2995 813 3046 Acrior
844 2998 926 3045 est
958 2995 1146 3058 Aulus,
1178 2994 1464 3047 florentior
1496 2997 1579 3045 est
1611 2994 1905 3058 Iuvenalis,

689 3057 816 3108 Plus
849 3055 1118 3109 Venusina
1149 3068 1207 3107 sa
1250 3059 1287 3107 it
1321 3057 1464 3107 seria
1494 3066 1660 3108 musa‘
1681 3059 1852 3109 iocis:

381 3122 443 3179 (2)
479 3118 554 3170 Cf.
589 3119 802 3178 Prolog.
838 3118 1141 3170 tabularum
1178 3120 1214 3169 li
1258 3119 1304 3169 ri
1342 3119 1429 3170 111.

383 3183 442 3240 (3)
477 3181 574 3233 His
596 3181 833 3244 quinque
858 3180 1159 3232 tabularum
1182 3181 1336 3230 libris
1359 3179 1620 3232 accedunt
1643 3179 1856 3232 tabulae
1878 3190 2053 3231 novae
2076 3178 2214 3230 duae

311 3245 377 3295 et
403 3243 642 3304 triginta,
676 3253 808 3304 quas
842 3254 873 3293 a
907 3242 1128 3294 cataldo
1165 3242 1433 3293 lannellio
1485 3244 1722 3304 primum
1771 3243 1942 3294 editas
1992 3241 2231 3303 Neapoli

309 3315 464 3356 anno
497 3305 660 3355 huius
693 3305 894 3356 saeculi
929 3305 1235 3361 undecimo,
1272 3307 1506 3364 Angelus
1531 3306 1703 3358 Maius
1727 3306 1814 3358 vir
1836 3306 1903 3357 cl.
1928 3315 1998 3357 ex
2022 3304 2183 3356 Codic
2215 3315 2240 3356 e

310 3366 572 3419 vaticano
603 3367 917 3432 nuperrime
952 3366 1362 3428 redintegravit.
