2673 4295
580 477 699 542 182
1242 493 1556 541 ms‘romAi:
1597 492 1695 539 car
1711 477 1888 536 ‘nem

534 603 541 611 ·
579 585 639 640 et
682 576 963 653 iucunda,
1013 594 1162 656 pene
1204 577 1452 639 dixerim
1483 625 1497 650 ‚
1546 575 1839 639 moestitia
1895 571 2217 651 legentium
2274 570 2528 638 animos

579 657 967 738 perfundunt,
1014 674 1132 717 non
1178 656 1533 733 negaverim,
1586 662 1643 717 et
1685 655 1999 716 Minucium
2041 652 2288 714 Felicem
2344 654 2527 718 haud

578 757 721 799 sane
763 737 1080 814 ineleganti
1123 735 1382 797 dictione
1428 754 1601 796 usum
1645 736 1851 802 fuisse,
1898 742 1957 795 et
1999 733 2350 794 Lactantium
2392 736 2527 797 tul-

578 816 724 878 liani
779 816 901 877 stili
963 817 1207 878 virtutes
1271 822 1389 876 tam
1453 815 1707 877 feliciter
1767 833 1895 876 esse
1952 820 2379 891 consecutum,
2445 824 2524 879 ut

577 916 609 958 c
634 896 672 956 h
697 895 819 958 ris
850 895 911 956 ti
937 913 966 955 a
992 914 1143 956 nus
1198 893 1336 957 Cic
1363 915 1394 957 e
1419 912 1505 956 ro
1548 894 1760 957 merito
1804 892 1880 954 sit
1924 891 2255 971 appellatus
2297 893 2420 972 (1).

662 975 774 1038 Sed
818 976 965 1037 haec
1005 974 1257 1037 levioris·
1280 993 1421 1036 sane
1450 973 1757 1036 momenti.
1790 971 1973 1033 Multo
2002 979 2198 1035 autem
2229 974 2515 1049 graviora

576 1055 678 1115 illa
710 1062 870 1131 sunt,
904 1073 1054 1133 quae
1086 1055 1401 1116 interiores
1431 1054 1672 1115 illorum
1702 1070 1948 1132 operum
1982 1059 2176 1131 partes
2206 1061 2508 1132 spectant,

577 1134 651 1196 ob
695 1153 841 1213 quas
883 1134 1130 1196 caeteris
1173 1140 1488 1212 praestant
1516 1133 1822 1195 christiani
1867 1131 2125 1193 nominis
2154 1132 2505 1212 scriptores,

576 1213 699 1274 Iam
746 1213 1004 1292 primum
1050 1213 1315 1274 omnium
1362 1221 1588 1274 constat
1628 1221 1760 1291 post
1802 1211 1866 1271 L.
1913 1211 1983 1273 A.
2030 1210 2339 1289 Senecam,
2385 1233 2509 1276 ne-

577 1293 797 1354 minem
843 1292 998 1371 apud
1043 1291 1278 1354 Latinos
1322 1294 1614 1368 floruisse,
1661 1293 1760 1371 qui
1807 1291 2156 1369 multiplicis
2192 1291 2504 1357 doctrinae

577 1373 856 1435 varietate
898 1372 975 1433 sit
1015 1373 1150 1433 cum
1195 1371 1530 1449 AmbrosiO,
1576 1391 1709 1433 cum
1754 1370 2111 1449 Hieronymo
2164 1378 2340 1450 atque
2372 1374 2504 1434 Au-

575 1452 811 1528 gustino
855 1452 1331 1531 comparandus;
1379 1453 1451 1513 ad
1493 1450 1802 1513 scientiam
1861 1468 1997 1511 vero
2061 1450 2217 1528 quod
2280 1451 2500 1515 attinet

575 1550 777 1592 rerum
843 1532 1302 1611 expetendarum
1368 1540 1426 1594 et
1489 1532 1901 1607 fugiendarum
1938 1578 1953 1604 ‚
2012 1549 2191 1609 quam
2245 1525 2501 1612 φρόνησιν

574 1609 779 1672 Graeci
823 1619 1052 1681 vocant,
1098 1612 1359 1689 itemque
1402 1610 1472 1672 ad
1519 1610 1701 1670 animi
1746 1609 2138 1671 excelsitatem
2173 1616 2233 1670 et
2263 1613 2502 1689 magni-

575 1690 865 1764 tudinem,
913 1708 1063 1769 quae
1107 1690 1368 1751 humana
1413 1690 1610 1752 omnia
1656 1689 1953 1769 despiciat,
2005 1696 2063 1750 et
2106 1688 2261 1750 infra
2295 1710 2357 1752 se
2388 1710 2503 1770 po-

571 1770 681 1830 sita
725 1769 1068 1831 arbitretur
1095 1817 1110 1841 ‚
1178 1770 1483 1831 Platonem
1548 1769 1765 1849 ipsum,
1810 1767 2071 1829 Tullium
2118 1777 2175 1831 et
2216 1768 2498 1833 Tacitum

573 1850 747 1925 longe
791 1848 911 1910 illis
955 1850 1222 1911 cessisse.
1921 1899 1928 1905 .

652 1928 1063 1991 Praetermitto
1087 1928 1450 2006 singularem
1470 1927 1784 2006 eloquendi
1802 1927 1942 2004 vim,
1963 1946 2114 2005 quae
2131 1927 2329 1989 nonin
2348 1946 2496 1992 con-

570 2008 840 2070 cionibus
869 2016 1118 2080 tantum,
1145 2025 1291 2087 quas
1314 2009 1377 2069 in
1395 2008 1630 2088 templis
1648 2007 1934 2082 haberent
1952 2007 2021 2066 ad
2044 2009 2357 2087 populum,
2382 2012 2492 2072 sed

566 2087 632 2149 in
683 2087 1196 2150 lucubrationibus
1253 2087 1470 2168 passim
1530 2088 1763 2163 elucet,
1827 2086 2042 2166 quibus
2097 2088 2491 2152 christianam

566 2167 897 2229 doctrinam
923 2169 995 2229 ab
1021 2169 1493 2230 adversariorum
1524 2168 1657 2230 telis
1679 2167 1968 2229 acerrime
2012 2174 2347 2230 tuerentur.
2373 2168 2493 2232 Sed

567 2246 869 2323 egregium
914 2247 1075 2308 aliud
1119 2256 1389 2326 superest
1419 2248 1683 2326 ipsorum
1713 2248 1776 2307 in
1807 2247 2034 2308 litteras
2066 2248 2490 2326 promeritum.

566 2324 811 2387 Etiamsi
857 2325 919 2385 in
962 2325 1272 2387 scribendo
1317 2344 1348 2385 a
1393 2329 1626 2388 romani
1668 2327 1959 2388 sermonis
2002 2328 2271 2389 castitate
2315 2327 2492 2390 aber-

566 2405 841 2476 raverint,
873 2424 951 2468 ·re
994 2412 1192 2467 tamen
1237 2405 1385 2467 bene
1429 2424 1738 2485 perpensa,
1784 2406 2118 2468 litterarum
2163 2407 2492 2470 latinarum

564 2485 945 2565 sospitatores
1007 2484 1441 2564 quodammodo
1505 2492 1641 2547 sunt
1703 2485 1960 2547 dicendi.
2019 2485 2343 2561 Nimirum,
2389 2508 2492 2550 se-

566 2565 775 2644 quiore
816 2566 919 2627 illa
963 2573 1177 2642 aetate,
1223 2567 1284 2628 in
1329 2565 1591 2645 profanis
1630 2563 2019 2646 scriptoribus
2049 2565 2198 2627 nulli
2230 2567 2353 2628 iam
2383 2568 2490 2628 alii

564 2645 1054 2721 numerabantur,
1101 2645 1215 2706 nisi
1259 2646 1486 2723 garruli
1531 2645 1767 2724 quidam
1824 2644 2251 2707 declamatores
2307 2655 2490 2727 atque

562 2723 773 2786 inanes
814 2724 1134 2804 sophistae.
1162 2725 1513 2786 ,Christiana
1557 2727 1747 2787 solum
1792 2724 2059 2786 doctrina
2117 2733 2386 2788 oratores
2431 2735 2491 2789 et

565 2803 946 2882 philosophos
988 2804 1329 2873 enutrierat,
1380 2804 1535 2865 unde
1578 2822 1761 2866 novus
1814 2805 2141 2883 sapientiae
2204 2805 2438 2867 rivulus
2470 2855 2485 2883 ,

564 2883 734 2961 quasi
776 2883 1156 2961 incorruptus
1199 2884 1692 2963 quidamsssuccus
1736 2892 1793 2946 et
1834 2886 2088 2962 sanguis,
2141 2884 2203 2944 in
2271 2886 2490 2947 latinas

561 2963 792 3025 litteras
832 2961 1088 3023 influxit.
1135 2963 1447 3043 Quumque
1492 2963 1959 3026 Christianorum
2006 2964 2203 3027 studio
2249 2973 2308 3028 et
2339 2984 2489 3026 cura

563 3041 744 3104 latina
791 3043 989 3119 lingua
1035 3043 1095 3104 in
1138 3043 1445 3121 religionis
1490 3046 1789 3124 mysteria,
1834 3044 2125 3111 sacrificia
2171 3052 2230 3106 et
2288 3044 2492 3107 caeri-

565 3122 794 3184 monias
837 3122 1177 3201 pervaserit,
1225 3123 1443 3184 factum
1502 3130 1629 3199 est,
1697 3133 1785 3197 ut,
1846 3124 2079 3186 etiamsi
2145 3123 2491 3187 labentibus

564 3202 760 3277 annis,
806 3202 1008 3281 populi
1059 3220 1331 3268 sermone
1396 3203 1672 3284 usurpari
1734 3205 1810 3265 sit
1873 3203 2103 3283 desita,
2173 3204 2494 3283 religionis

543 3280 874 3344 ‘discendae
917 3282 1418 3360 gratia.homines
1461 3284 1533 3345 ad
1577 3283 1773 3346 libros
1804 3284 2075 3355 adirent,
2136 3292 2317 3363 atque
2376 3285 2497 3347 hac

625 3524 691 3584 (1)
725 3523 780 3575 V.
815 3523 1076 3586 Hmnon„
1113 3525 1227 3588 Ep„
1263 3525 1425 3586 LvnI,
1462 3536 1515 3575 n.
1559 3527 1634 3576 10.
