2673 4295
548 394 625 455 12

545 489 784 566 braicis,
813 491 876 552 in
911 491 1138 569 graecis
1165 498 1224 554 et
1251 489 1453 552 latinis
1478 489 1692 552 litteris
1720 489 2102 629 praestantia,
2135 497 2201 551 ut
2229 489 2458 551 anima·

545 577 662 630 tam
695 569 1112 634 bibliothecam
1143 571 1356 632 merito
1397 570 1661 632 dixisses:
1695 588 1725 629 a
1758 578 1845 631 ter
1885 587 2045 647 ver0,
2079 569 2175 633 cui
2206 586 2455 648 graecae

543 657 603 710 et
642 649 861 712 latinae
903 650 1274 730 eloquentiae
1316 650 1632 712 tradendae
1675 668 1889 710 munus
1946 657 2098 711 esset
2140 648 2460 712 demanda·

544 735 694 807 tum,
739 737 899 790 tanta
943 749 1084 792 cura
1127 730 1323 791 italica
1368 729 1545 790 etiam
1597 729 1788 790 studia
1832 736 2069 791 secutus
2117 730 2344 804 fuerat,
2390 735 2457 788 ut

542 808 684 869 dum
729 809 1013 871 omnium*
1051 810 1342 871 sententia
1370 856 1385 884 ‚
1451 808 1769 871 latinorum
1835 808 1927 868 sui
1985 809 2267 889 temporis
2309 808 2460 869 scri·

543 895 778 966 ptorum
820 887 1224 950 nobilissimus
1274 887 1625 965 habebatur,
1657 890 1729 950 de
1779 886 1994 949 italicis
2036 887 2314 968 operibus
2356 907 2460 949 ve-

541 967 777 1030 rissime
820 967 1145 1045 iudicaret3
1190 986 1260 1030 ex
1302 985 1420 1046 quo
1463 967 1655 1038 fiebat,
1705 975 1771 1029 ut
1818 966 2053 1029 dicendi
2090 966 2345 1029 'facultas
2388 965 2449 1026 in

539 1047 614 1109 iis
655 1065 773 1110 non
824 1054 974 1108 esset
1017 1047 1215 1110 ieiuna
1269 1055 1326 1108 et
1369 1047 1559 1124 nuda,
1605 1047 1705 1109 sed
1748 1047 2025 1126 adspersa
2076 1055 2135 1109 et
2174 1045 2448 1107 distincta

443 1178 447 1182 .
540 1127 865 1188 multarum
908 1145 1110 1188 rerum
1153 1127 1410 1189 iucunda
1461 1127 1716 1205 quadam
1759 1127 2072 1203 varietate3
2117 1126 2181 1186 in
2231 1125 2460 1186 utrius·

538 1225 655 1284 que
697 1223 836 1268 vero
878 1205 1217 1268 acroasibus
1280 1224 1589 1284 nunquam
1638 1215 1902 1268 veterum
1945 1205 2233 1286 sapientia
2284 1223 2315 1264 a
2359 1222 2451 1266 re·

539 1284 869 1347 centiorum
900 1286 1167 1347 doctrina
1196 1285 1630 1363 seiungeretur.
1678 1285 1842 1346 luvat
1883 1286 2204 1359 interdum,
2236 1282 2449 1346 Didace

539 1364 643 1441 mi,
676 1365 889 1426 -animo
931 1374 1223 1444 repetere,
1270 1364 1500 1444 quoties
1542 1364 1777 1425 divinus
1814 1364 1918 1427 ille
1958 1383 2136 1427 senex
2178 1363 2457 1424 Biamon·

537 1443 654 1506 tius
681 1445 914 1506 italicos
942 1451 1248 1523 poetarum
1275 1452 1482 1506 cantus
1512 1463 1647 1505 cum
1680 1443 2155 1523 exquisitissimis
2184 1442 2448 1518 Homeri,

537 1521 802 1600 Pindari,
848 1523 1184 1603 Sophoclis,
1231 1532 1334 1584 aut
1376 1523 1603 1585 Horatii
1647 1522 2011 1585 carminibus
2052 1530 2445 1601 compararet,

535 1620 789 1680 quorum
835 1603 1185 1665 lectissimos
1217 1603 1375 1664 locos
1421 1619 1533 1683 pro
1576 1621 1639 1664 re
1675 1611 1809 1663 nata
1854 1603 2199 1664 memoriter
2239 1600 2474 1662 recita-2

539 1679 661 1758 bat3
708 1682 940 1762 quoties
968 1682 1322 1744 illustriores
1349 1682 1748 1744 Macchiavelli
1780 1690 1837 1744 et
1860 1681 2284 1744 Guicciardinii
2314 1697 2457 1740 nar-

533 1761 793 1824 rationes
834 1780 968 1823 cum
1024 1761 1439 1842 Thucydidem,
1484 1781 1618 1823 cum
1679 1761 2052 1824 Sallustianis
2089 1770 2145 1826 et
2194 1759 2456 1822 Livianis

533 1849 934 1920 componeret.
979 1839 1179 1921 Neque
1222 1841 1421 1903 minus
1461 1841 1903 1904 delectabamur
1951 1861 2136 1922 quum
2178 1840 2456 1902 Bouche-

531 1937 714 1982 ronus
767 1919 1125 2000 Virgilianas
1178 1927 1355 1999 atque
1404 1920 1756 1983 Horatianas
1810 1923 2130 1983 sententias
2174 1918 2458 1980 suavissi-

532 2000 643 2061 mis
671 2000 985 2078 Aligherii‚
1017 2000 1354 2076 Petrarcae‚
1386 2009 1491 2062 aut
1519 2000 1738 2062 Ariosti
1764 1999 2095 2061 luminibus
2139 1999 2446 2060 hilararet.

604 2077 914 2142 Caeterum
979 2098 1162 2160 quum
1227 2081 1661 2159 elegantiorum
1732 2080 2065 2142 litterarum
2130 2077 2450 2157 disciplina

527 2157 814 2222 latissime
856 2167 1088 2240 pateat,
1139 2162 1233 2221 vix
1281 2161 1412 2223 fieri
1468 2168 1719 2241 poterat,
1765 2168 1832 2221 ut
1873 2161 1991 2222 duo
2034 2168 2265 2221 tantum
2309 2157 2452 2230 viri,

528 2236 667 2300 licet
708 2240 1224 2319 praestantissimi,
1255 2240 1550 2302 studiosos
1591 2243 1747 2302 intra
1781 2240 2237 2320 quadriennium
2282 2254 2451 2299 com-

528 2318 701 2380 mode
748 2319 1147 2381 instituerent.
1193 2318 1562 2399 Quapropter
1602 2320 1825 2400 optimo
1864 2337 2006 2383 sane
2048 2319 2315 2393 consilio,
2349 2317 2456 2379 ab·-

484 2395 666 2458 :hinc
713 2397 914 2461 decem
966 2415 1185 2474 anuos,
1229 2400 1421 2460 auctis
1470 2400 1824 2478 magisteriis
1850 2449 1867 2477 ,
1926 2413 2193 2479 novaque
2233 2398 2454 2460 doctri·

525 2493 740 2537 narum
782 2479 933 2556 facta
976 2477 1312 2558 partitione,
1364 2480 1635 2558 quaterni
1694 2481 1961 2542 doctores
2003 2480 2062 2540 in
2092 2476 2450 2540 Taurinensi

525 2555 829 2619 Athenaeo
871 2557 1257 2634 exstiterunt,
1303 2577 1559 2639 quorum
1612 2578 1766 2621 unus
1817 2558 2123 2620 historiam
2181 2565 2451 2619 veterum

528 2635 886 2715 populorum
932 2656 1035 2717 per
1078 2636 1384 2701 biennium
1432 2646 1742 2701 enarraret
1767 2687 1782 2716 ‚
1828 2638 1937 2701 reli
1977 2637 2046 2698 ⁴ui
2087 2645 2207 2700 tres
2249 2636 2310 2697 in
2354 2635 2454 2697 lit-

524 2715 667 2776 teris
696 2717 947 2794 graeciS,
979 2716 1179 2779 latinis
1209 2726 1385 2796 atque
1416 2718 1576 2779 italis
1606 2727 1937 2780 tantummo
1981 2734 2014 2779 o
2043 2717 2444 2782 elaborarent.

523 2792 647 2865 Qua
679 2795 916 2873 quidem
948 2797 1284 2859 accessione
1328 2816 1513 2876 quum
1558 2797 1910 2860 discentium
1943 2797 2269 2860 commodis
2298 2813 2451 2859 non-

525 2871 665 2933 dum
697 2874 838 2936 satis
884 2875 1066 2938 fuisse
1092 2876 1433 2938 consultum
1463 2877 1777 2947 videretur,
1814 2878 2159 2957 nuperrime
2204 2885 2450 2939 cautum

523 2959 612 3026 est
640 2953 758 3034 (1),
804 2962 871 3015 ut
913 2956 1249 3017 litterarum
1293 2956 1684 3018 curriculum·
1719 2956 2129 3037 quinquennio
2179 2956 2449 3019 contine-

522 3040 710 3103 retur,
759 3041 932 3115 atque
973 3036 1038 3096 in
1082 3034 1212 3114 ipso
1255 3035 1451 3097 statim
1498 3035 1847 3118 disciplinae
1904 3037 2111 3099 limine
2153 3035 2204 3098 is
2248 3045 2401 3099 essct
2430 3086 2447 3114 ,

524 3112 628 3192 qui
671 3113 998 3176 rhetoricas
1054 3114 1185 3176 illas
1232 3114 1677 3195 praeceptiones
1721 3117 1911 3179 fusius
1961 3116 2255 3195 traderet,
2300 3136 2455 3196 quas

588 3318 652 3376 (l)
686 3317 741 3369 V.
778 3318 1172 3382 Reqolamento
1209 3319 1295 3371 del
1329 3322 1657 3383 Maqistrato
1691 3320 1839 3373 della
1864 3323 2126 3385 Risorma
2161 3323 2338 3385 sopra
2372 3322 2454 3387 qli

521 3379 672 3430 studi
704 3379 794 3444 pel
829 3394 987 3432 corso
1023 3383 1079 3432 di
1101 3380 1251 3433 Belle
1273 3384 1481 3435 Lettere
1504 3383 1656 3435 ‘nella
1689 3385 1750 3434 R.
1784 3381 2101 3436 Universitt'z
2138 3384 2193 3435 di
2218 3386 2452 3445 Tot-ine,

522 3440 611 3492 del
641 3445 705 3492 28
739 3443 794 3493 di
829 3441 1006 3505 lu-qlio
1044 3445 1185 3502 1847;
1225 3448 1330 3494 art.
1373 3449 1415 3495 1.
