2673 4295
879 416 995 460 Lm.
1028 417 1095 460 11.
1140 432 1167 445 ·
1209 416 1342 460 CAP.
1387 417 1515 462 vm.
2084 406 2156 468 79

203 496 525 579 quaedam
566 497 929 560 inducuntur
972 497 1114 558 viris
1157 504 1260 558 aut
1300 498 1665 561 amatoribus
1715 493 1838 563 suis
1893 502 2155 566 scriben-

208 587 358 655 tes3
403 578 546 639 item
587 578 700 639 viri
740 585 844 638 aut
885 585 1179 640 amatores
1220 577 1458 639 feminis
1487 580 1932 658 respondentes
1963 581 2152 654 Quam

208 658 489 720 scienter
529 657 592 717 in
635 657 795 720 hisce
837 656 1102 736 epistolis
1130 675 1465 719 sermonem
1507 657 1839 721 distinxerit
1869 667 2058 739 poeta,
2094 670 2156 726 et

206 737 294 798 in
339 745 501 798 tanta
547 755 788 798 casuum
834 745 892 798 et
934 754 1321 815 personarum
1364 737 1645 799 varietate
1693 739 1983 819 cuiusque
2037 759 2153 802 na-

213 825 431 879 turam
474 816 847 896 expresserit,
893 815 1144 895 quisque
1186 816 1435 894 legendo
1467 816 1790 896 perspiciet
1830 820 1953 899 (1).

311 895 596 958 Heroides
657 895 958 975 excipiunt
1021 897 1294 958 Amorum
1356 895 1496 957 libri
1550 897 1778 977 111(2)‚
1822 897 1887 958 in
1977 898 2153 963 uibus

210 974 473 1037 Ovidius
514 976 839 1036 amantium
886 975 1192 1052 ingenium
1221 1023 1236 1050 ,
1281 982 1459 1054 atque
1504 992 1733 1039 amores
1787 995 1926 1040 suos
1993 977 2154 1041 icen-

214 1055 353 1116 tius
380 1054 660 1132 ¹effinxit3
707 1061 833 1115 tum
876 1055 1038 1117 Artis
1078 1056 1379 1116 amatoriae
1408 1063 1741 1136 praecepta,
1773 1075 1927 1136 quae
1960 1057 2152 1120 tribus

209 1135 413 1197 etiarn
454 1133 624 1195 libris
667 1133 1007 1213 complexus
1050 1142 1158 1195 est.
1204 1134 1334 1196 Mox
1375 1134 1617 1212 veritus,
1662 1155 1740 1198 ne
1781 1137 2150 1199 lasciviorem

212 1233 299 1276 ac
344 1221 676 1294 protervam
721 1231 951 1274 musam
995 1213 1136 1274 boni
1179 1213 1606 1294 improbarent,
1650 1214 1918 1278 libellum
1948 1235 2153 1278 exara·

210 1292 333 1365 vit,
383 1311 559 1372 quem
600 1292 947 1372 inscripsit:
999 1292 1262 1354 Remedia
1305 1313 1583 1354 amorum.

308 1372 469 1434 Haec
510 1372 751 1452 quidem
794 1373 1081 1433 amatoria
1125 1372 1388 1433 carmina
1433 1373 1587 1434 sudit
1627 1381 1944 1452 antequam
1976 1376 2150 1457 *exsul

213 1451 382 1514 urbe
421 1452 752 1514 decederet.
800 1451 846 1511 E
896 1451 1194 1515 contrario
1235 1452 1423 1532 ipsius
1466 1452 1674 1514 exsilio
1729 1455 1954 1533 accepti
2009 1463 2151 1516 sunt

214 1531 530 1592 referendi
572 1530 838 1611 quinque
889 1531 1161 1592 Tristium
1203 1539 1262 1593 et
1302 1539 1559 1611 quatuor
1623 1533 1986 1594 Ponticarum
2034 1538 2153 1615 epi-

211 1611 497 1672 stolarum
537 1611 701 1673 libri.
747 1612 814 1672 In
858 1609 952 1672 his
991 1611 1152 1673 dives
1197 1612 1486 1690 quaedam
1530 1612 1755 1690 ingenii
1814 1631 1954 1675 vena
2020 1613 2152 1674 lau-

214 1689 447 1767 datur3
493 1697 554 1750 at
593 1691 896 1771 perpetuis
933 1691 1214 1769 quereliS‚
1248 1700 1306 1753 et
1335 1691 1657 1753 earundem
1686 1691 2149 1756 similitudinum

215 1768 564 1848 frequentia
609 1789 759 1849 pene
821 1770 1144 1846 fatigantur
1188 1772 1478 1833 lectores.
1543 1772 1845 1834 Postremo
1907 1771 2162 1836 Sulmo·

211 1848 433 1910 nensis
475 1848 707 1928 copiam
749 1856 1041 1911 testantur
1080 1850 1303 1927 elegiae
1360 1852 1441 1911 De
1502 1853 1867 1914 medicamine
1930 1854 2144 1936 faciei2

216 1929 386 2004 Nux,
428 1935 489 1990 et
529 1929 703 1991 breve
744 1928 1040 2009 quoddam
1085 1931 1420 2009 poemation
1464 1949 1737 1992 versuum
1780 1931 1967 1993 ferme
2000 1945 2153 1993 ‘sex-

215 2015 538 2070 centorum
567 2057 581 2085 ‚
629 2010 706 2072 in
802 2027 878 2072 uo
934 2007 1042 2070 sub
1106 2011 1276 2070 Ibidis
1316 2011 1559 2072 nomine
1601 2010 1898 2090 Hyginum
1943 2029 2152 2090 quem·

212 2087 390 2165 dam,
436 2088 685 2166 Augusti
726 2087 769 2149 li
814 2096 1031 2166 ertum,
1075 2088 1222 2151 diris
1263 2089 1528 2152 devovet.
1587 2089 1811 2170 Aiunt,
1875 2089 2148 2155 Ovidium

208 2167 569 2230 huiusmodi
614 2168 883 2230 libellum
914 2168 986 2229 ad
1017 2169 1363 2237 Callimachi
1392 2169 1785 2233 imitationem
1815 2171 2150 2251 scripsisse,

211 2247 330 2327 qui
378 2248 804 2311 contumelioso
832 2248 1085 2329 quodam
1117 2251 1403 2326 carmine,
1436 2250 1532 2310 cui
1568 2250 1776 2312 titulus
1805 2252 1939 2327 Ibis,
1971 2251 2152 2331 Apol-

208 2327 461 2389 lonium
504 2328 825 2405 Rhodium,
891 2329 1249 2408 discipulum
1317 2330 1651 2405 ingratum,
1721 2333 2010 2394 acerrime
2060 2338 2150 2394 est

209 2410 552 2470 insectatus
595 2406 717 2489 (3).
761 2445 765 2449 >

210 2647 854 2713 ponto-oenone
889 2648 1617 2712 Paridi-Hypsipyle
1652 2648 2148 2701 Iasoni-Dido

202 2711 1003 2764 Aeneae—Hermione
1039 2710 1798 2762 Orestae-Deianira
1830 2710 2148 2764 Herculi

205 2772 597 2825 -Ariadne
633 2772 1253 2825 Theseo-Canace
1289 2772 1877 2825 Macareo-Medea
1914 2774 2147 2826 Iasoni

209 2834 677 2886 -Laodamia
718 2836 1819 2899 Protesilao-Hypermnestra
1852 2835 2146 2895 Lynceo

201 2897 558 2959 -Sappho
605 2897 1160 2949 Phaoni-Paris
1202 2897 1871 2949 Helenae-Helena
1911 2898 2145 2950 Paridi

203 2959 607 3010 -Leander
638 2960 1170 3010 Heroni-Hero
1204 2960 1974 3012 Leandro-Acontius
2010 2960 2149 3021 Cy.-

208 3021 897 3083 ‹lippae-Cydippe
933 3021 1275 3075 Acontio.
1507 3083 1517 3093 ⁶

275 3086 351 3142 (1)
385 3084 740 3135 BonannoN.
778 3085 832 3134 in
865 3082 1032 3145 prael.
1064 3085 1133 3135 ad
1170 3084 1324 3135 Ovid.
1353 3084 1599 3142 Heroid„
1624 3084 1752 3136 edit.
1789 3083 2027 3145 Taurin„
2054 3094 2140 3136 an.

207 3146 542 3198 uncccxxll.
579 3171 640 3179 —
674 3145 736 3196 Cf
766 3146 806 3196 Ι.
843 3144 997 3197 CAES.
1036 3149 1268 3208 Seme„
1304 3147 1476 3206 Poet„
1512 3147 1590 3204 vl,
1624 3146 1673 3198 ’7.
2021 3205 2026 3206 ff

274 3210 350 3266 (2)
394 3207 478 3257 Ex
526 3208 922 3258 nonnullorum
970 3208 1240 3259 sententia
1289 3207 1516 3259 Ovidius
1564 3208 1803 3270 quinque
1844 3206 2016 3258 libros
2065 3207 2142 3257 De

202 3268 616 3321 amoribus
649 3270 887 3332 scripsit,
940 3281 1009 3320 ex
1057 3270 1254 3333 quibus
1302 3270 1443 3320 duos
1491 3270 1607 3333 ipse
1656 3270 1857 3321 dicitur
1904 3268 2141 3319 flammis

202 3330 461 3383 dedisse.
501 3329 579 3384 Cf.
616 3331 672 3381 in
708 3331 843 3382 hanc
877 3342 994 3383 rem
1029 3331 1210 3394 Trist.,
1247 3342 1319 3392 iv,
1359 3334 1433 3391 10,
1470 3335 1527 3383 61
1562 3336 1617 3383 et
1649 3344 1759 3394 seq·
2030 3390 2041 3401 ,
2090 3392 2100 3401 ‚

270 3395 347 3452 (3)
383 3393 572 3453 Elegia
604 3393 695 3443 De
728 3393 948 3444 Philo
970 3394 1186 3452 mela,
1227 3394 1439 3456 aliaque
1470 3394 1752 3456 nonnulla,
1780 3402 1917 3456 quae
1942 3390 2142 3445 ovidio

198 3455 565 3516 tribuuntur,
599 3455 743 3507 inter
775 3456 1057 3519 supposita
1088 3458 1225 3507 sunt¹
1246 3456 1596 3510 recensenda.
1962 3495 1966 3500 .
2001 3461 2006 3468 “
