<?xml version="1.0" encoding="UTF-8"?>
<!DOCTYPE html PUBLIC "-//W3C//DTD XHTML 1.0 Transitional//EN"
    "http://www.w3.org/TR/xhtml1/DTD/xhtml1-transitional.dtd">
<html xmlns="http://www.w3.org/1999/xhtml" xml:lang="en" lang="en">
 <head>
  <title>
</title>
<meta http-equiv="Content-Type" content="text/html;charset=utf-8" />
  <meta name='ocr-system' content='tesseract 3.04.00' />
  <meta name='ocr-capabilities' content='ocr_page ocr_carea ocr_par ocr_line ocrx_word'/>
</head>
<body>
  <div class='ocr_page' id='page_1' title='image "./historiacritica00vallgoog_0122.png"; bbox 0 0 2673 4295; ppageno 0'>
   <div class='ocr_carea' id='block_1_1' title="bbox 468 357 1723 421">
    <p class='ocr_par' dir='ltr' id='par_1_1' title="bbox 468 357 1723 421">
     <span class='ocr_line' id='line_1_1' title="bbox 468 357 1723 421; baseline -0.001 -1"><span class='ocrx_word' id='word_1_1' title='bbox 468 359 495 421; x_wconf 53' lang='grc' dir='ltr'><strong>ἶ</strong></span> <span class='ocrx_word' id='word_1_2' title='bbox 511 358 537 419; x_wconf 67' lang='grc' dir='ltr'>Ῑ</span> <span class='ocrx_word' id='word_1_3' title='bbox 546 357 589 420; x_wconf 62' lang='lat'>⁴*</span> <span class='ocrx_word' id='word_1_4' title='bbox 1098 375 1408 420; x_wconf 61' lang='lat' dir='ltr'>iiis‘romnii</span> <span class='ocrx_word' id='word_1_5' title='bbox 1449 373 1723 419; x_wconf 59' lang='lat' dir='ltr'>camna!</span> 
     </span>
    </p>
   </div>
   <div class='ocr_carea' id='block_1_2' title="bbox 1206 596 1631 679">
    <p class='ocr_par' dir='ltr' id='par_1_2' title="bbox 1206 596 1631 679">
     <span class='ocr_line' id='line_1_2' title="bbox 1206 596 1631 679; baseline 0.002 -19"><span class='ocrx_word' id='word_1_6' title='bbox 1206 598 1452 679; x_wconf 74' lang='lat' dir='ltr'><strong>CAPvT</strong></span> <span class='ocrx_word' id='word_1_7' title='bbox 1480 596 1631 661; x_wconf 83' lang='lat' dir='ltr'>xiv.</span> 
     </span>
    </p>
   </div>
   <div class='ocr_carea' id='block_1_3' title="bbox 1103 763 1778 809">
    <p class='ocr_par' dir='ltr' id='par_1_3' title="bbox 1103 763 1778 809">
     <span class='ocr_line' id='line_1_3' title="bbox 1103 763 1778 809; baseline -0.001 0"><span class='ocrx_word' id='word_1_8' title='bbox 1103 764 1193 809; x_wconf 76' lang='lat' dir='ltr'>DE</span> <span class='ocrx_word' id='word_1_9' title='bbox 1243 763 1778 808; x_wconf 78' lang='lat' dir='ltr'>GRAMMA‘ricA.</span> 
     </span>
    </p>
   </div>
   <div class='ocr_carea' id='block_1_4' title="bbox 210 963 2496 2320">
    <p class='ocr_par' dir='ltr' id='par_1_4' title="bbox 467 963 2405 1603">
     <span class='ocr_line' id='line_1_4' title="bbox 547 963 2399 1047; baseline 0.001 -18"><span class='ocrx_word' id='word_1_10' title='bbox 547 963 864 1047; x_wconf 88' lang='lat' dir='ltr'>Postquam</span> <span class='ocrx_word' id='word_1_11' title='bbox 907 966 1158 1029; x_wconf 87' lang='lat' dir='ltr'>Romani</span> <span class='ocrx_word' id='word_1_12' title='bbox 1213 986 1276 1030; x_wconf 91' lang='lat' dir='ltr'>se</span> <span class='ocrx_word' id='word_1_13' title='bbox 1338 967 1566 1046; x_wconf 84' lang='lat' dir='ltr'>graecis</span> <span class='ocrx_word' id='word_1_14' title='bbox 1627 966 1967 1030; x_wconf 88' lang='lat' dir='ltr'>doctoribus</span> <span class='ocrx_word' id='word_1_15' title='bbox 2029 967 2399 1031; x_wconf 83' lang='lat' dir='ltr'>excolendos</span> 
     </span>
     <span class='ocr_line' id='line_1_5' title="bbox 467 1046 2396 1125; baseline -0.001 -17"><span class='ocrx_word' id='word_1_16' title='bbox 467 1046 778 1117; x_wconf 82' lang='lat' dir='ltr'><strong>dedissent,</strong></span> <span class='ocrx_word' id='word_1_17' title='bbox 828 1064 947 1109; x_wconf 91' lang='lat' dir='ltr'>non</span> <span class='ocrx_word' id='word_1_18' title='bbox 989 1046 1308 1109; x_wconf 81' lang='lat' dir='ltr'>defuerunt</span> <span class='ocrx_word' id='word_1_19' title='bbox 1349 1046 1461 1109; x_wconf 89' lang='lat' dir='ltr'>viri</span> <span class='ocrx_word' id='word_1_20' title='bbox 1502 1048 1762 1125; x_wconf 86' lang='lat' dir='ltr'>ingenio,</span> <span class='ocrx_word' id='word_1_21' title='bbox 1806 1047 2076 1109; x_wconf 85' lang='lat' dir='ltr'>doctrina</span> <span class='ocrx_word' id='word_1_22' title='bbox 2116 1055 2174 1108; x_wconf 87' lang='lat' dir='ltr'>et</span> <span class='ocrx_word' id='word_1_23' title='bbox 2203 1046 2396 1110; x_wconf 89' lang='lat' dir='ltr'>rebus</span> 
     </span>
     <span class='ocr_line' id='line_1_6' title="bbox 467 1125 2402 1206; baseline 0 -18"><span class='ocrx_word' id='word_1_24' title='bbox 467 1128 646 1204; x_wconf 84' lang='lat' dir='ltr'>gestis</span> <span class='ocrx_word' id='word_1_25' title='bbox 689 1126 1003 1206; x_wconf 87' lang='lat' dir='ltr'>praeclari,</span> <span class='ocrx_word' id='word_1_26' title='bbox 1050 1125 1152 1205; x_wconf 91' lang='lat' dir='ltr'>qui</span> <span class='ocrx_word' id='word_1_27' title='bbox 1193 1126 1283 1189; x_wconf 88' lang='lat' dir='ltr'>vel</span> <span class='ocrx_word' id='word_1_28' title='bbox 1321 1127 1384 1187; x_wconf 91' lang='lat' dir='ltr'>in</span> <span class='ocrx_word' id='word_1_29' title='bbox 1428 1126 1700 1188; x_wconf 88' lang='lat' dir='ltr'>maximis</span> <span class='ocrx_word' id='word_1_30' title='bbox 1741 1125 2251 1206; x_wconf 78' lang='lat' dir='ltr'>occupatioiiibuS‚</span> <span class='ocrx_word' id='word_1_31' title='bbox 2301 1126 2402 1188; x_wconf 84' lang='lat' dir='ltr'>la·-</span> 
     </span>
     <span class='ocr_line' id='line_1_7' title="bbox 470 1204 2405 1285; baseline 0.001 -20"><span class='ocrx_word' id='word_1_32' title='bbox 470 1205 580 1266; x_wconf 85' lang='lat' dir='ltr'>tini</span> <span class='ocrx_word' id='word_1_33' title='bbox 621 1205 912 1268; x_wconf 89' lang='lat' dir='ltr'>sermonis</span> <span class='ocrx_word' id='word_1_34' title='bbox 953 1204 1370 1285; x_wconf 85' lang='lat' dir='ltr'>expolitionem</span> <span class='ocrx_word' id='word_1_35' title='bbox 1414 1206 1698 1283; x_wconf 81' lang='lat' dir='ltr'>aggressi,</span> <span class='ocrx_word' id='word_1_36' title='bbox 1742 1207 1815 1268; x_wconf 91' lang='lat' dir='ltr'>de</span> <span class='ocrx_word' id='word_1_37' title='bbox 1856 1205 2035 1267; x_wconf 90' lang='lat' dir='ltr'>rebus</span> <span class='ocrx_word' id='word_1_38' title='bbox 2087 1223 2405 1283; x_wconf 85' lang='lat' dir='ltr'>gramma-</span> 
     </span>
     <span class='ocr_line' id='line_1_8' title="bbox 469 1284 2396 1356; baseline 0.001 -11"><span class='ocrx_word' id='word_1_39' title='bbox 469 1284 603 1349; x_wconf 87' lang='lat' dir='ltr'>ticis</span> <span class='ocrx_word' id='word_1_40' title='bbox 644 1285 1087 1356; x_wconf 70' lang='lat' dir='ltr'>accuratissime</span> <span class='ocrx_word' id='word_1_41' title='bbox 1129 1284 1479 1347; x_wconf 85' lang='lat' dir='ltr'>scriberent.</span> <span class='ocrx_word' id='word_1_42' title='bbox 1526 1284 1624 1347; x_wconf 89' lang='lat' dir='ltr'>Sic</span> <span class='ocrx_word' id='word_1_43' title='bbox 1667 1285 1731 1348; x_wconf 89' lang='lat' dir='ltr'>C.</span> <span class='ocrx_word' id='word_1_44' title='bbox 1790 1286 2007 1346; x_wconf 90' lang='lat' dir='ltr'>Iulium</span> <span class='ocrx_word' id='word_1_45' title='bbox 2072 1286 2396 1347; x_wconf 68' lang='lat' dir='ltr'>Caesarem</span> 
     </span>
     <span class='ocr_line' id='line_1_9' title="bbox 469 1363 2391 1445; baseline 0.001 -22"><span class='ocrx_word' id='word_1_46' title='bbox 469 1363 723 1425; x_wconf 82' lang='lat' dir='ltr'>vidimus</span> <span class='ocrx_word' id='word_1_47' title='bbox 764 1368 911 1426; x_wconf 89' lang='lat' dir='ltr'>duos</span> <span class='ocrx_word' id='word_1_48' title='bbox 953 1364 1037 1425; x_wconf 83' lang='lat' dir='ltr'>De</span> <span class='ocrx_word' id='word_1_49' title='bbox 1078 1366 1332 1443; x_wconf 70' lang='lat' dir='ltr'>analogia</span> <span class='ocrx_word' id='word_1_50' title='bbox 1377 1365 1562 1427; x_wconf 87' lang='lat' dir='ltr'>libros</span> <span class='ocrx_word' id='word_1_51' title='bbox 1605 1364 1677 1426; x_wconf 91' lang='lat' dir='ltr'>ad</span> <span class='ocrx_word' id='word_1_52' title='bbox 1704 1364 1968 1426; x_wconf 86' lang='lat' dir='ltr'>Tullium</span> <span class='ocrx_word' id='word_1_53' title='bbox 2000 1364 2229 1426; x_wconf 87' lang='lat' dir='ltr'>misisse</span> <span class='ocrx_word' id='word_1_54' title='bbox 2257 1364 2391 1445; x_wconf 79' lang='lat'>(1).</span> 
     </span>
     <span class='ocr_line' id='line_1_10' title="bbox 467 1441 2400 1538; baseline 0.001 -35"><span class='ocrx_word' id='word_1_55' title='bbox 467 1442 698 1505; x_wconf 88' lang='lat' dir='ltr'>Marcus</span> <span class='ocrx_word' id='word_1_56' title='bbox 739 1442 1052 1505; x_wconf 78' lang='lat' dir='ltr'>Terentius</span> <span class='ocrx_word' id='word_1_57' title='bbox 1090 1441 1274 1505; x_wconf 90' lang='lat' dir='ltr'>Varro</span> <span class='ocrx_word' id='word_1_58' title='bbox 1304 1451 1561 1538; x_wconf 86' lang='lat' dir='ltr'>quatuor</span> <span class='ocrx_word' id='word_1_59' title='bbox 1588 1452 1648 1507; x_wconf 90' lang='lat' dir='ltr'>et</span> <span class='ocrx_word' id='word_1_60' title='bbox 1675 1444 1882 1523; x_wconf 82' lang='lat' dir='ltr'>viginti</span> <span class='ocrx_word' id='word_1_61' title='bbox 1913 1443 2099 1507; x_wconf 85' lang='lat' dir='ltr'>libros</span> <span class='ocrx_word' id='word_1_62' title='bbox 2127 1444 2400 1506; x_wconf 85' lang='lat' dir='ltr'>exaravit</span> 
     </span>
     <span class='ocr_line' id='line_1_11' title="bbox 471 1521 2399 1603; baseline 0.001 -21"><span class='ocrx_word' id='word_1_63' title='bbox 471 1522 554 1582; x_wconf 82' lang='lat' dir='ltr'>De</span> <span class='ocrx_word' id='word_1_64' title='bbox 598 1523 790 1603; x_wconf 73' lang='lat' dir='ltr'>linyzm</span> <span class='ocrx_word' id='word_1_65' title='bbox 817 1524 997 1584; x_wconf 78' lang='lat' dir='ltr'>latina</span> <span class='ocrx_word' id='word_1_66' title='bbox 1025 1521 1143 1602; x_wconf 75' lang='lat'><strong>(2).</strong></span> <span class='ocrx_word' id='word_1_67' title='bbox 1177 1522 1604 1586; x_wconf 89' lang='lat' dir='ltr'>Grammaticas</span> <span class='ocrx_word' id='word_1_68' title='bbox 1646 1525 1825 1585; x_wconf 87' lang='lat' dir='ltr'>etiam</span> <span class='ocrx_word' id='word_1_69' title='bbox 1856 1522 2399 1586; x_wconf 73' lang='lat' dir='ltr'>commentationes</span> 
     </span>
    </p>

    <p class='ocr_par' dir='ltr' id='par_1_5' title="bbox 266 1600 2406 1685">
     <span class='ocr_line' id='line_1_12' title="bbox 266 1600 2406 1685; baseline 0.002 -25"><span class='ocrx_word' id='word_1_70' title='bbox 266 1667 273 1680; x_wconf 46' lang='grc'>,</span> <span class='ocrx_word' id='word_1_71' title='bbox 396 1634 447 1685; x_wconf 47' lang='lat' dir='ltr'><strong><em>L</em></strong></span> <span class='ocrx_word' id='word_1_72' title='bbox 469 1601 683 1665; x_wconf 68' lang='lat' dir='ltr'>litteris</span> <span class='ocrx_word' id='word_1_73' title='bbox 724 1600 1022 1664; x_wconf 81' lang='lat' dir='ltr'>mandavit</span> <span class='ocrx_word' id='word_1_74' title='bbox 1065 1602 1137 1663; x_wconf 90' lang='lat' dir='ltr'>P.</span> <span class='ocrx_word' id='word_1_75' title='bbox 1183 1604 1444 1682; x_wconf 68' lang='lat' dir='ltr'>Nigidius</span> <span class='ocrx_word' id='word_1_76' title='bbox 1486 1603 1539 1664; x_wconf 91' lang='lat' dir='ltr'><em>F</em></span> <span class='ocrx_word' id='word_1_77' title='bbox 1542 1604 1767 1681; x_wconf 63' lang='lat' dir='ltr'>igulus,</span> <span class='ocrx_word' id='word_1_78' title='bbox 1814 1603 1991 1665; x_wconf 87' lang='lat' dir='ltr'>homo</span> <span class='ocrx_word' id='word_1_79' title='bbox 2020 1652 2035 1677; x_wconf 84' lang='lat'>‚</span> <span class='ocrx_word' id='word_1_80' title='bbox 2080 1622 2154 1666; x_wconf 83' lang='lat' dir='ltr'>ex</span> <span class='ocrx_word' id='word_1_81' title='bbox 2211 1600 2406 1682; x_wconf 34' lang='lat' dir='ltr'>Gellii,</span> 
     </span>
    </p>

    <p class='ocr_par' dir='ltr' id='par_1_6' title="bbox 210 1673 2496 1921">
     <span class='ocr_line' id='line_1_13' title="bbox 210 1673 2496 1773; baseline 0.002 -37"><span class='ocrx_word' id='word_1_82' title='bbox 210 1721 213 1724; x_wconf 16' lang='grc' dir='ltr'><em>Α</em></span> <span class='ocrx_word' id='word_1_83' title='bbox 254 1673 411 1738; x_wconf 49' lang='grc' dir='ltr'>’ῖς-’Δί</span> <span class='ocrx_word' id='word_1_84' title='bbox 469 1681 760 1742; x_wconf 89' lang='lat' dir='ltr'>sententia</span> <span class='ocrx_word' id='word_1_85' title='bbox 806 1680 922 1773; x_wconf 80' lang='grc'>(3),</span> <span class='ocrx_word' id='word_1_86' title='bbox 968 1682 1129 1764; x_wconf 78' lang='lat' dir='ltr'>iuxta</span> <span class='ocrx_word' id='word_1_87' title='bbox 1172 1681 1498 1744; x_wconf 87' lang='lat' dir='ltr'>Varronem</span> <span class='ocrx_word' id='word_1_88' title='bbox 1542 1682 1941 1744; x_wconf 80' lang='lat' dir='ltr'>doctissimus,</span> <span class='ocrx_word' id='word_1_89' title='bbox 2000 1682 2230 1744; x_wconf 87' lang='lat' dir='ltr'>Marcus</span> <span class='ocrx_word' id='word_1_90' title='bbox 2282 1700 2404 1741; x_wconf 84' lang='lat' dir='ltr'>au·-</span> <span class='ocrx_word' id='word_1_91' title='bbox 2493 1687 2496 1688; x_wconf 71' lang='grc'>’</span> 
     </span>
     <span class='ocr_line' id='line_1_14' title="bbox 226 1759 2401 1837; baseline 0.001 -18"><span class='ocrx_word' id='word_1_92' title='bbox 226 1765 227 1770; x_wconf 77' lang='grc'>’</span> <span class='ocrx_word' id='word_1_93' title='bbox 472 1767 591 1821; x_wconf 85' lang='lat' dir='ltr'>tem</span> <span class='ocrx_word' id='word_1_94' title='bbox 632 1759 905 1823; x_wconf 78' lang='lat' dir='ltr'>Valerlus</span> <span class='ocrx_word' id='word_1_95' title='bbox 947 1761 1233 1828; x_wconf 85' lang='lat' dir='ltr'>Corvinus</span> <span class='ocrx_word' id='word_1_96' title='bbox 1274 1761 1569 1837; x_wconf 57' lang='lat' dir='ltr'>Messallae</span> <span class='ocrx_word' id='word_1_97' title='bbox 1611 1760 1845 1824; x_wconf 89' lang='lat' dir='ltr'>libellos</span> <span class='ocrx_word' id='word_1_98' title='bbox 1886 1761 2071 1825; x_wconf 83' lang='lat' dir='ltr'>edidit</span> <span class='ocrx_word' id='word_1_99' title='bbox 2099 1763 2183 1824; x_wconf 82' lang='lat' dir='ltr'>De</span> <span class='ocrx_word' id='word_1_100' title='bbox 2208 1763 2401 1822; x_wconf 77' lang='lat' dir='ltr'>verbis</span> 
     </span>
     <span class='ocr_line' id='line_1_15' title="bbox 471 1834 2401 1921; baseline 0.002 -22"><span class='ocrx_word' id='word_1_101' title='bbox 471 1849 527 1901; x_wconf 80' lang='lat' dir='ltr'>et</span> <span class='ocrx_word' id='word_1_102' title='bbox 567 1841 772 1901; x_wconf 80' lang='lat' dir='ltr'>litteris</span> <span class='ocrx_word' id='word_1_103' title='bbox 811 1841 1042 1919; x_wconf 73' lang='lat' dir='ltr'>sinyulis</span> <span class='ocrx_word' id='word_1_104' title='bbox 1094 1839 1213 1921; x_wconf 76' lang='lat'>(4).</span> <span class='ocrx_word' id='word_1_105' title='bbox 1280 1839 1430 1912; x_wconf 88' lang='lat' dir='ltr'>Quid</span> <span class='ocrx_word' id='word_1_106' title='bbox 1496 1834 1708 1921; x_wconf 46' lang='lat' dir='ltr'>qiiod‘?</span> <span class='ocrx_word' id='word_1_107' title='bbox 1774 1842 1991 1904; x_wconf 82' lang='lat' dir='ltr'>Tullius</span> <span class='ocrx_word' id='word_1_108' title='bbox 2054 1841 2181 1921; x_wconf 88' lang='lat' dir='ltr'>ipse</span> <span class='ocrx_word' id='word_1_109' title='bbox 2243 1841 2401 1902; x_wconf 88' lang='lat' dir='ltr'>artis</span> 
     </span>
    </p>

    <p class='ocr_par' dir='ltr' id='par_1_7' title="bbox 471 1918 2403 2001">
     <span class='ocr_line' id='line_1_16' title="bbox 471 1918 2403 2001; baseline 0.002 -23"><span class='ocrx_word' id='word_1_110' title='bbox 471 1918 650 1979; x_wconf 90' lang='lat' dir='ltr'>huius</span> <span class='ocrx_word' id='word_1_111' title='bbox 692 1918 1182 1998; x_wconf 83' lang='lat' dir='ltr'>diligentissimus</span> <span class='ocrx_word' id='word_1_112' title='bbox 1206 1920 1343 1998; x_wconf 86' lang='lat' dir='ltr'>fuit,</span> <span class='ocrx_word' id='word_1_113' title='bbox 1376 1929 1435 1983; x_wconf 88' lang='lat' dir='ltr'>et</span> <span class='ocrx_word' id='word_1_114' title='bbox 1463 1922 1524 1982; x_wconf 92' lang='lat' dir='ltr'>in</span> <span class='ocrx_word' id='word_1_115' title='bbox 1555 1921 1702 1997; x_wconf 86' lang='lat' dir='ltr'>filio,</span> <span class='ocrx_word' id='word_1_116' title='bbox 1734 1928 1801 1982; x_wconf 87' lang='lat' dir='ltr'>ut</span> <span class='ocrx_word' id='word_1_117' title='bbox 1821 1940 1893 1982; x_wconf 85' lang='lat' dir='ltr'>ex</span> <span class='ocrx_word' id='word_1_118' title='bbox 1916 1920 2181 2001; x_wconf 88' lang='lat' dir='ltr'>epistolis</span> <span class='ocrx_word' id='word_1_119' title='bbox 2209 1938 2403 2000; x_wconf 89' lang='lat' dir='ltr'>appa·</span> 
     </span>
    </p>

    <p class='ocr_par' dir='ltr' id='par_1_8' title="bbox 470 1998 2405 2160">
     <span class='ocr_line' id='line_1_17' title="bbox 470 1998 2400 2093; baseline 0.001 -34"><span class='ocrx_word' id='word_1_120' title='bbox 470 2004 586 2073; x_wconf 89' lang='lat' dir='ltr'>ret,</span> <span class='ocrx_word' id='word_1_121' title='bbox 633 2006 792 2061; x_wconf 90' lang='lat' dir='ltr'>recte</span> <span class='ocrx_word' id='word_1_122' title='bbox 833 1998 1114 2078; x_wconf 90' lang='lat' dir='ltr'>loquendi</span> <span class='ocrx_word' id='word_1_123' title='bbox 1158 2016 1586 2093; x_wconf 81' lang='lat' dir='ltr'>usquequaque</span> <span class='ocrx_word' id='word_1_124' title='bbox 1629 2020 1693 2063; x_wconf 93' lang='lat' dir='ltr'>se</span> <span class='ocrx_word' id='word_1_125' title='bbox 1736 2018 2014 2080; x_wconf 89' lang='lat' dir='ltr'>asperum</span> <span class='ocrx_word' id='word_1_126' title='bbox 2057 2009 2400 2061; x_wconf 82' lang='lat' dir='ltr'>exactorem</span> 
     </span>
     <span class='ocr_line' id='line_1_18' title="bbox 473 2076 2405 2160; baseline 0.002 -22"><span class='ocrx_word' id='word_1_127' title='bbox 473 2076 716 2159; x_wconf 89' lang='lat' dir='ltr'>praebet</span> <span class='ocrx_word' id='word_1_128' title='bbox 755 2077 874 2160; x_wconf 85' lang='lat'>(5).</span> <span class='ocrx_word' id='word_1_129' title='bbox 921 2078 1230 2141; x_wconf 88' lang='lat' dir='ltr'>Caeterum</span> <span class='ocrx_word' id='word_1_130' title='bbox 1275 2078 1589 2143; x_wconf 88' lang='lat' dir='ltr'>Svetomus</span> <span class='ocrx_word' id='word_1_131' title='bbox 1621 2079 1717 2160; x_wconf 87' lang='grc'>(6)</span> <span class='ocrx_word' id='word_1_132' title='bbox 1746 2081 2164 2159; x_wconf 80' lang='lat' dir='ltr'>grammaticae</span> <span class='ocrx_word' id='word_1_133' title='bbox 2192 2080 2405 2141; x_wconf 89' lang='lat' dir='ltr'>docto·</span> 
     </span>
    </p>

    <p class='ocr_par' dir='ltr' id='par_1_9' title="bbox 473 2158 2404 2320">
     <span class='ocr_line' id='line_1_19' title="bbox 473 2158 2404 2255; baseline 0.002 -38"><span class='ocrx_word' id='word_1_134' title='bbox 473 2175 568 2220; x_wconf 90' lang='lat' dir='ltr'>res</span> <span class='ocrx_word' id='word_1_135' title='bbox 612 2158 962 2238; x_wconf 83' lang='lat' dir='ltr'>praecipuos</span> <span class='ocrx_word' id='word_1_136' title='bbox 1003 2168 1293 2221; x_wconf 85' lang='lat' dir='ltr'>memorat</span> <span class='ocrx_word' id='word_1_137' title='bbox 1335 2161 1418 2222; x_wconf 93' lang='lat' dir='ltr'>M.</span> <span class='ocrx_word' id='word_1_138' title='bbox 1457 2160 1764 2222; x_wconf 78' lang='lat' dir='ltr'>Antonium</span> <span class='ocrx_word' id='word_1_139' title='bbox 1800 2160 2157 2255; x_wconf 73' lang='lat' dir='ltr'>Gniphonem,</span> <span class='ocrx_word' id='word_1_140' title='bbox 2194 2160 2404 2238; x_wconf 86' lang='lat' dir='ltr'>magni</span> 
     </span>
     <span class='ocr_line' id='line_1_20' title="bbox 473 2235 2401 2320; baseline 0.002 -23"><span class='ocrx_word' id='word_1_141' title='bbox 473 2235 698 2313; x_wconf 86' lang='lat' dir='ltr'>ingenii</span> <span class='ocrx_word' id='word_1_142' title='bbox 742 2236 958 2315; x_wconf 82' lang='lat' dir='ltr'>virum,</span> <span class='ocrx_word' id='word_1_143' title='bbox 1005 2240 1106 2317; x_wconf 93' lang='lat' dir='ltr'>qui</span> <span class='ocrx_word' id='word_1_144' title='bbox 1147 2239 1349 2301; x_wconf 82' lang='lat' dir='ltr'>docuit</span> <span class='ocrx_word' id='word_1_145' title='bbox 1393 2240 1654 2320; x_wconf 88' lang='lat' dir='ltr'>primum</span> <span class='ocrx_word' id='word_1_146' title='bbox 1707 2242 1768 2301; x_wconf 89' lang='lat' dir='ltr'>in</span> <span class='ocrx_word' id='word_1_147' title='bbox 1810 2239 1929 2303; x_wconf 83' lang='lat' dir='ltr'>div1</span> <span class='ocrx_word' id='word_1_148' title='bbox 1986 2239 2122 2301; x_wconf 91' lang='lat' dir='ltr'>Iulii</span> <span class='ocrx_word' id='word_1_149' title='bbox 2178 2239 2401 2316; x_wconf 83' lang='lat' dir='ltr'>dom0,</span> 
     </span>
    </p>
   </div>
   <div class='ocr_carea' id='block_1_5' title="bbox 748 2365 772 2393">
    <p class='ocr_par' dir='ltr' id='par_1_10' title="bbox 748 2365 772 2393">
     <span class='ocr_line' id='line_1_21' title="bbox 748 2365 772 2393; baseline 0 -9"><span class='ocrx_word' id='word_1_150' title='bbox 748 2365 772 2393; x_wconf 63' lang='lat'><em>4</em></span> 
     </span>
    </p>
   </div>
   <div class='ocr_carea' id='block_1_6' title="bbox 476 2456 2407 2710">
    <p class='ocr_par' dir='ltr' id='par_1_11' title="bbox 476 2456 2407 2710">
     <span class='ocr_line' id='line_1_22' title="bbox 535 2456 2404 2586; baseline 0.003 -17"><span class='ocrx_word' id='word_1_151' title='bbox 535 2458 602 2578; x_wconf 46' lang='grc' dir='ltr'>ᾖ)</span> <span class='ocrx_word' id='word_1_152' title='bbox 635 2456 1110 2586; x_wconf 49' lang='grc' dir='ltr'>ἓῗιρὶὶὶιὲθέιὶιότίε,</span> <span class='ocrx_word' id='word_1_153' title='bbox 1145 2532 1246 2573; x_wconf 87' lang='lat' dir='ltr'>sex</span> <span class='ocrx_word' id='word_1_154' title='bbox 1278 2523 1490 2577; x_wconf 85' lang='lat' dir='ltr'>tantum</span> <span class='ocrx_word' id='word_1_155' title='bbox 1524 2520 1725 2583; x_wconf 81' lang='lat' dir='ltr'>reliqui</span> <span class='ocrx_word' id='word_1_156' title='bbox 1759 2523 1903 2580; x_wconf 86' lang='lat' dir='ltr'>suut,</span> <span class='ocrx_word' id='word_1_157' title='bbox 1940 2520 1999 2571; x_wconf 91' lang='lat' dir='ltr'>in</span> <span class='ocrx_word' id='word_1_158' title='bbox 2031 2520 2230 2581; x_wconf 81' lang='lat' dir='ltr'>quibus</span> <span class='ocrx_word' id='word_1_159' title='bbox 2262 2521 2404 2574; x_wconf 84' lang='lat' dir='ltr'>dum</span> 
     </span>
     <span class='ocr_line' id='line_1_23' title="bbox 479 2581 2407 2645; baseline 0.004 -14"><span class='ocrx_word' id='word_1_160' title='bbox 479 2581 774 2634; x_wconf 82' lang='lat' dir='ltr'>verborum</span> <span class='ocrx_word' id='word_1_161' title='bbox 808 2583 1120 2634; x_wconf 83' lang='lat' dir='ltr'>notationes</span> <span class='ocrx_word' id='word_1_162' title='bbox 1153 2584 1364 2636; x_wconf 82' lang='lat' dir='ltr'>minute</span> <span class='ocrx_word' id='word_1_163' title='bbox 1397 2584 1747 2645; x_wconf 79' lang='lat' dir='ltr'>persequitur</span> <span class='ocrx_word' id='word_1_164' title='bbox 1798 2582 1981 2644; x_wconf 84' lang='lat' dir='ltr'>Varro,</span> <span class='ocrx_word' id='word_1_165' title='bbox 2030 2581 2260 2644; x_wconf 78' lang='lat' dir='ltr'>frigidus</span> <span class='ocrx_word' id='word_1_166' title='bbox 2310 2582 2407 2638; x_wconf 85' lang='lat' dir='ltr'>iu-</span> 
     </span>
     <span class='ocr_line' id='line_1_24' title="bbox 476 2641 2404 2710; baseline 0.003 -18"><span class='ocrx_word' id='word_1_167' title='bbox 476 2641 694 2695; x_wconf 80' lang='lat' dir='ltr'>tercium</span> <span class='ocrx_word' id='word_1_168' title='bbox 727 2646 890 2706; x_wconf 83' lang='lat' dir='ltr'>atque</span> <span class='ocrx_word' id='word_1_169' title='bbox 924 2644 1141 2708; x_wconf 82' lang='lat' dir='ltr'>ineptus</span> <span class='ocrx_word' id='word_1_170' title='bbox 1173 2645 1425 2706; x_wconf 58' lang='lat' dir='ltr'>videtum</span> <span class='ocrx_word' id='word_1_171' title='bbox 1463 2647 1535 2706; x_wconf 85' lang='lat' dir='ltr'>et,</span> <span class='ocrx_word' id='word_1_172' title='bbox 1570 2646 1665 2707; x_wconf 84' lang='lat' dir='ltr'>qui</span> <span class='ocrx_word' id='word_1_173' title='bbox 1710 2644 2054 2697; x_wconf 87' lang='lat' dir='ltr'>eruditorum</span> <span class='ocrx_word' id='word_1_174' title='bbox 2104 2656 2226 2697; x_wconf 88' lang='lat' dir='ltr'>mos</span> <span class='ocrx_word' id='word_1_175' title='bbox 2275 2649 2363 2697; x_wconf 88' lang='lat' dir='ltr'>est</span> <span class='ocrx_word' id='word_1_176' title='bbox 2385 2686 2404 2710; x_wconf 84' lang='lat'>,</span> 
     </span>
    </p>
   </div>
   <div class='ocr_carea' id='block_1_7' title="bbox 479 2710 2450 3464">
    <p class='ocr_par' dir='ltr' id='par_1_12' title="bbox 479 2710 2444 2910">
     <span class='ocr_line' id='line_1_25' title="bbox 481 2710 2444 2797; baseline 0.003 -25"><span class='ocrx_word' id='word_1_177' title='bbox 481 2710 818 2796; x_wconf 59' lang='grc' dir='ltr'>ἆρχαζῑσμοίις</span> <span class='ocrx_word' id='word_1_178' title='bbox 849 2724 1151 2777; x_wconf 80' lang='lat' dir='ltr'>studiosius</span> <span class='ocrx_word' id='word_1_179' title='bbox 1184 2723 1910 2797; x_wconf 37' lang='lat' dir='ltr'>consectatur-Quapropter</span> <span class='ocrx_word' id='word_1_180' title='bbox 1933 2724 2064 2776; x_wconf 86' lang='lat' dir='ltr'>dum</span> <span class='ocrx_word' id='word_1_181' title='bbox 2103 2725 2444 2788; x_wconf 81' lang='lat' dir='ltr'>multiplici·</span> 
     </span>
     <span class='ocr_line' id='line_1_26' title="bbox 479 2786 2405 2910; baseline 0.003 -75"><span class='ocrx_word' id='word_1_182' title='bbox 479 2786 889 2898; x_wconf 43' lang='lat' dir='ltr'>gguldgtliitzffilgle</span> <span class='ocrx_word' id='word_1_183' title='bbox 905 2786 1298 2910; x_wconf 47' lang='lat' dir='ltr'>logfftrffilnsdat,</span> <span class='ocrx_word' id='word_1_184' title='bbox 1335 2786 1405 2838; x_wconf 88' lang='lat' dir='ltr'>ad</span> <span class='ocrx_word' id='word_1_185' title='bbox 1442 2786 1557 2837; x_wconf 80' lang='lat' dir='ltr'>stili</span> <span class='ocrx_word' id='word_1_186' title='bbox 1588 2789 1917 2850; x_wconf 78' lang='lat' dir='ltr'>elegantiam</span> <span class='ocrx_word' id='word_1_187' title='bbox 1954 2799 2146 2850; x_wconf 85' lang='lat' dir='ltr'>parum</span> <span class='ocrx_word' id='word_1_188' title='bbox 2184 2787 2405 2842; x_wconf 73' lang='lat' dir='ltr'>conteri</span> 
     </span>
    </p>

    <p class='ocr_par' dir='ltr' id='par_1_13' title="bbox 545 2909 1078 2970">
     <span class='ocr_line' id='line_1_27' title="bbox 545 2909 1078 2970; baseline 0.004 -12"><span class='ocrx_word' id='word_1_189' title='bbox 545 2909 607 2967; x_wconf 79' lang='grc'>(3)</span> <span class='ocrx_word' id='word_1_190' title='bbox 641 2919 718 2967; x_wconf 82' lang='lat' dir='ltr'>iv,</span> <span class='ocrx_word' id='word_1_191' title='bbox 752 2912 814 2970; x_wconf 77' lang='lat'>93</span> <span class='ocrx_word' id='word_1_192' title='bbox 849 2920 964 2968; x_wconf 79' lang='lat' dir='ltr'>xix,</span> <span class='ocrx_word' id='word_1_193' title='bbox 1003 2913 1078 2960; x_wconf 84' lang='lat'>14.</span> 
     </span>
    </p>

    <p class='ocr_par' dir='ltr' id='par_1_14' title="bbox 483 2970 2404 3097">
     <span class='ocr_line' id='line_1_28' title="bbox 545 2970 2404 3043; baseline 0.003 -24"><span class='ocrx_word' id='word_1_194' title='bbox 545 2971 606 3029; x_wconf 84' lang='grc'>(4)</span> <span class='ocrx_word' id='word_1_195' title='bbox 631 2970 882 3043; x_wconf 68' lang='lat' dir='ltr'>Qumru..</span> <span class='ocrx_word' id='word_1_196' title='bbox 909 2974 1178 3043; x_wconf 78' lang='lat' dir='ltr'>memorat</span> <span class='ocrx_word' id='word_1_197' title='bbox 1198 2970 1525 3033; x_wconf 84' lang='lat' dir='ltr'>praesertim</span> <span class='ocrx_word' id='word_1_198' title='bbox 1558 2971 1843 3025; x_wconf 85' lang='lat' dir='ltr'>Messallae</span> <span class='ocrx_word' id='word_1_199' title='bbox 1874 2972 2080 3024; x_wconf 80' lang='lat' dir='ltr'>librum</span> <span class='ocrx_word' id='word_1_200' title='bbox 2116 2973 2182 3024; x_wconf 90' lang='lat' dir='ltr'>de</span> <span class='ocrx_word' id='word_1_201' title='bbox 2218 2972 2404 3025; x_wconf 82' lang='lat' dir='ltr'>Slit—</span> 
     </span>
     <span class='ocr_line' id='line_1_29' title="bbox 483 3032 2250 3097; baseline 0.003 -15"><span class='ocrx_word' id='word_1_202' title='bbox 483 3036 648 3083; x_wconf 80' lang='lat' dir='ltr'>tera</span> <span class='ocrx_word' id='word_1_203' title='bbox 679 3032 735 3082; x_wconf 89' lang='lat' dir='ltr'>in</span> <span class='ocrx_word' id='word_1_204' title='bbox 771 3032 912 3083; x_wconf 77' lang='lat' dir='ltr'>libro</span> <span class='ocrx_word' id='word_1_205' title='bbox 947 3032 1022 3082; x_wconf 86' lang='lat' dir='ltr'>De</span> <span class='ocrx_word' id='word_1_206' title='bbox 1055 3036 1182 3084; x_wconf 79' lang='lat' dir='ltr'>lust.</span> <span class='ocrx_word' id='word_1_207' title='bbox 1219 3036 1378 3094; x_wconf 64' lang='lat' dir='ltr'>orat„</span> <span class='ocrx_word' id='word_1_208' title='bbox 1414 3033 1457 3092; x_wconf 90' lang='grc' dir='ltr'>Ι,</span> <span class='ocrx_word' id='word_1_209' title='bbox 1493 3036 1541 3095; x_wconf 87' lang='grc'>5,</span> <span class='ocrx_word' id='word_1_210' title='bbox 1576 3038 1653 3086; x_wconf 77' lang='grc'>23.</span> <span class='ocrx_word' id='word_1_211' title='bbox 1688 3061 1751 3072; x_wconf 87' lang='grc'>-</span> <span class='ocrx_word' id='word_1_212' title='bbox 1782 3034 1859 3086; x_wconf 81' lang='lat' dir='ltr'>Cr.</span> <span class='ocrx_word' id='word_1_213' title='bbox 1897 3035 1939 3095; x_wconf 86' lang='grc' dir='ltr'>Ι,</span> <span class='ocrx_word' id='word_1_214' title='bbox 1973 3037 2022 3096; x_wconf 84' lang='grc'>5,</span> <span class='ocrx_word' id='word_1_215' title='bbox 2058 3039 2137 3097; x_wconf 84' lang='grc'>15,</span> <span class='ocrx_word' id='word_1_216' title='bbox 2170 3039 2250 3087; x_wconf 84' lang='grc'>35.</span> 
     </span>
    </p>

    <p class='ocr_par' dir='ltr' id='par_1_15' title="bbox 481 3092 2450 3403">
     <span class='ocr_line' id='line_1_30' title="bbox 546 3092 2406 3159; baseline 0.002 -15"><span class='ocrx_word' id='word_1_217' title='bbox 546 3095 606 3153; x_wconf 87' lang='grc'>(5)</span> <span class='ocrx_word' id='word_1_218' title='bbox 640 3092 1044 3145; x_wconf 72' lang='lat' dir='ltr'>lutei-ciderunt</span> <span class='ocrx_word' id='word_1_219' title='bbox 1075 3094 1186 3145; x_wconf 87' lang='lat' dir='ltr'>duo</span> <span class='ocrx_word' id='word_1_220' title='bbox 1218 3094 1501 3146; x_wconf 83' lang='lat' dir='ltr'>Ciceronis</span> <span class='ocrx_word' id='word_1_221' title='bbox 1535 3096 1604 3146; x_wconf 87' lang='lat' dir='ltr'>ad</span> <span class='ocrx_word' id='word_1_222' title='bbox 1640 3096 1881 3149; x_wconf 86' lang='lat' dir='ltr'>Marcum</span> <span class='ocrx_word' id='word_1_223' title='bbox 1913 3096 2092 3149; x_wconf 79' lang='lat' dir='ltr'>illium</span> <span class='ocrx_word' id='word_1_224' title='bbox 2138 3097 2406 3159; x_wconf 81' lang='lat' dir='ltr'>epistola-</span> 
     </span>
     <span class='ocr_line' id='line_1_31' title="bbox 481 3154 2406 3222; baseline 0.003 -18"><span class='ocrx_word' id='word_1_225' title='bbox 481 3165 606 3207; x_wconf 88' lang='lat' dir='ltr'>rum</span> <span class='ocrx_word' id='word_1_226' title='bbox 637 3154 787 3217; x_wconf 82' lang='lat' dir='ltr'>libri,</span> <span class='ocrx_word' id='word_1_227' title='bbox 821 3165 1056 3217; x_wconf 78' lang='lat' dir='ltr'>quorum</span> <span class='ocrx_word' id='word_1_228' title='bbox 1105 3157 1336 3218; x_wconf 84' lang='lat' dir='ltr'>paucula</span> <span class='ocrx_word' id='word_1_229' title='bbox 1385 3156 1567 3207; x_wconf 89' lang='lat' dir='ltr'>solum</span> <span class='ocrx_word' id='word_1_230' title='bbox 1615 3155 1920 3220; x_wconf 69' lang='lat' dir='ltr'>fragmenta</span> <span class='ocrx_word' id='word_1_231' title='bbox 1952 3169 1985 3208; x_wconf 83' lang='lat' dir='ltr'>a</span> <span class='ocrx_word' id='word_1_232' title='bbox 2031 3159 2406 3222; x_wconf 83' lang='lat' dir='ltr'>grammaticis</span> 
     </span>
     <span class='ocr_line' id='line_1_32' title="bbox 483 3215 2450 3291; baseline 0.003 -25"><span class='ocrx_word' id='word_1_233' title='bbox 483 3215 804 3268; x_wconf 78' lang='lat' dir='ltr'>afferuntur.</span> <span class='ocrx_word' id='word_1_234' title='bbox 842 3217 999 3290; x_wconf 79' lang='lat' dir='ltr'>Iuvat</span> <span class='ocrx_word' id='word_1_235' title='bbox 1030 3228 1164 3268; x_wconf 83' lang='lat' dir='ltr'>vero</span> <span class='ocrx_word' id='word_1_236' title='bbox 1196 3218 1252 3270; x_wconf 89' lang='lat' dir='ltr'>in</span> <span class='ocrx_word' id='word_1_237' title='bbox 1286 3217 1426 3269; x_wconf 86' lang='lat' dir='ltr'>hanc</span> <span class='ocrx_word' id='word_1_238' title='bbox 1456 3229 1573 3269; x_wconf 87' lang='lat' dir='ltr'>rem</span> <span class='ocrx_word' id='word_1_239' title='bbox 1605 3219 1770 3271; x_wconf 84' lang='lat' dir='ltr'>adire&#39;</span> <span class='ocrx_word' id='word_1_240' title='bbox 1791 3219 2081 3291; x_wconf 79' lang='lat' dir='ltr'>epistolam</span> <span class='ocrx_word' id='word_1_241' title='bbox 2100 3220 2191 3271; x_wconf 81' lang='lat' dir='ltr'>‘ad</span> <span class='ocrx_word' id='word_1_242' title='bbox 2242 3222 2408 3273; x_wconf 80' lang='lat' dir='ltr'>Tiro·</span> <span class='ocrx_word' id='word_1_243' title='bbox 2445 3276 2450 3281; x_wconf 56' lang='grc'><strong>,</strong></span> 
     </span>
     <span class='ocr_line' id='line_1_33' title="bbox 483 3277 2407 3403; baseline 0.004 -76"><span class='ocrx_word' id='word_1_244' title='bbox 483 3288 619 3392; x_wconf 44' lang='lat' dir='ltr'>genie</span> <span class='ocrx_word' id='word_1_245' title='bbox 639 3277 737 3390; x_wconf 47' lang='lat' dir='ltr'>laidi</span> <span class='ocrx_word' id='word_1_246' title='bbox 753 3277 1235 3403; x_wconf 41' lang='lat' dir='ltr'>gzmgkbtgllfialtv),</span> <span class='ocrx_word' id='word_1_247' title='bbox 1270 3279 1328 3332; x_wconf 85' lang='lat' dir='ltr'>in</span> <span class='ocrx_word' id='word_1_248' title='bbox 1363 3291 1470 3342; x_wconf 85' lang='lat' dir='ltr'>qua</span> <span class='ocrx_word' id='word_1_249' title='bbox 1502 3279 1715 3335; x_wconf 80' lang='lat' dir='ltr'>Tullius</span> <span class='ocrx_word' id='word_1_250' title='bbox 1748 3292 1871 3333; x_wconf 89' lang='lat' dir='ltr'>cum</span> <span class='ocrx_word' id='word_1_251' title='bbox 1896 3281 2001 3334; x_wconf 88' lang='lat' dir='ltr'>hoc</span> <span class='ocrx_word' id='word_1_252' title='bbox 2022 3281 2093 3335; x_wconf 84' lang='lat' dir='ltr'>de</span> <span class='ocrx_word' id='word_1_253' title='bbox 2115 3293 2221 3334; x_wconf 88' lang='lat' dir='ltr'>usu</span> <span class='ocrx_word' id='word_1_254' title='bbox 2244 3283 2407 3336; x_wconf 74' lang='lat' dir='ltr'>vocis</span> 
     </span>
    </p>

    <p class='ocr_par' dir='ltr' id='par_1_16' title="bbox 553 3401 1272 3464">
     <span class='ocr_line' id='line_1_34' title="bbox 553 3401 1272 3464; baseline 0.003 -12"><span class='ocrx_word' id='word_1_255' title='bbox 553 3403 610 3462; x_wconf 76' lang='grc'>,6)</span> <span class='ocrx_word' id='word_1_256' title='bbox 644 3401 723 3452; x_wconf 75' lang='lat' dir='ltr'>De</span> <span class='ocrx_word' id='word_1_257' title='bbox 755 3401 957 3454; x_wconf 87' lang='lat' dir='ltr'>illustr.</span> <span class='ocrx_word' id='word_1_258' title='bbox 992 3405 1272 3464; x_wconf 79' lang='lat' dir='ltr'>grammat.</span> 
     </span>
    </p>
   </div>
   <div class='ocr_carea' id='block_1_8' title="bbox 2667 1216 2673 3548">
    <p class='ocr_par' dir='ltr' id='par_1_17' title="bbox 2667 1216 2673 3548">
     <span class='ocr_line' id='line_1_35' title="bbox 2667 1216 2673 3548; baseline 0 0"><span class='ocrx_word' id='word_1_259' title='bbox 2667 1216 2673 3548; x_wconf 95' lang='lat' dir='ltr'> </span> 
     </span>
    </p>
   </div>
  </div>
 </body>
</html>
