2673 4295
531 377 611 439 96
1168 399 1483 444 ms‘rouutss
1524 398 1795 443 camma

534 475 772 538 enituit.
818 475 985 539 Haud
1028 478 1109 539 ita
1154 477 1345 538 multo
1384 485 1514 557 post
1555 476 1618 538 in
1658 478 1849 541 Clodii
1903 479 2279 559 aliorumque
2336 481 2461 545 im·

533 556 856 637 proborum
899 557 1115 618 civium
1161 557 1443 635 invidiam
1487 557 1774 620 adductus
1802 608 1816 629 ,
1865 560 2076 641 patria·
2110 560 2455 639 exsulavit3

534 637 722 698 donec
765 637 831 697 P.
876 636 1152 699 Cornelio
1194 636 1448 699 Lentulo
1486 646 1545 700 et
1588 639 1867 718 Pompeio
1901 640 2249 718 praesertim
2283 641 2462 704 adni-

534 715 818 783 tentibus.
863 716 1258 778 sextodecimo
1302 735 1507 781 mense
1546 736 1779 779 summa
1842 738 1977 780 cum
2040 718 2327 796 dignitate
2393 721 2460 784 in

535 795 745 859 urbe-m
791 796 903 857 suit
946 805 1274 857 revocatus.
2171 847 2178 855 .
2337 814 2345 821 ¹

615 876 818 937 Annos
859 882 1034 936 natus
1084 883 1341 954 quatuor
1393 882 1451 939 et
1515 877 1944 957 quinquaginta
2006 878 2070 938 in
2133 877 2460 957 collegium

538 974 830 1036 augurum
874 962 1181 1034 cooptatus
1224 965 1357 1032 est3
1402 973 1536 1017 mox
1599 974 1735 1019 vero
1793 957 2117 1050 proconsul
2181 959 2459 1021 Ciliciam

539 1035 903 1117 provinciam
946 1034 1213 1108 sortitus,
1260 1035 1481 1097 bellum
1526 1035 1608 1096 ibi
1652 1035 1907 1098 feliciter
1945 1037 2148 1114 gessit,
2182 1046 2240 1099 et
2267 1037 2465 1118 impe·

538 1134 599 1177 ra
612 1117 754 1178 toris
783 1132 1000 1176 nomen
1030 1116 1383 1192 promeruit.
1419 1115 1845 1178 Exardescente
1875 1115 2031 1178 bello
2060 1116 2242 1193 civili,
2283 1118 2464 1178 Pom-

540 1196 658 1276 peii
700 1202 898 1276 partes
938 1202 1177 1255 secutus
1205 1202 1313 1256 est.
1346 1193 1716 1274 Quamquam
1747 1213 1885 1257 vero
1915 1203 2149 1258 mortuo
2174 1197 2464 1277 Pompeio

541 1277 600 1337 in
630 1274 883 1354 gratiam
914 1272 1170 1335 redierat
1210 1293 1346 1336 cum
1391 1275 1681 1351 Caesar-e3
1726 1282 1986 1337 attamen
2028 1275 2314 1354 quamdiu
2358 1277 2466 1339 hic

542 1372 740 1419 rerum
769 1352 1037 1415 omnium
1066 1353 1436 1431 dominatum
1466 1355 1679 1429 tenuit,
1712 1363 1913 1416 noster
1940 1354 2465 1420 administratione

541 1432 903 1514 reipublicae
946 1431 1251 1509 liberatus,
1296 1453 1428 1496 sese
1472 1442 1658 1496 totum
1703 1434 2113 1514 philosophiae
2172 1434 2461 1514 tradidit,

541 1534 572 1576 a
616 1533 731 1593 qua
775 1521 834 1576 et
873 1511 1492 1589 doloris-medicinam
1535 1521 1594 1575 et
1634 1516 1740 1577 otii
1785 1513 2238 1576 oblectationem
2271 1514 2465 1576 hone-

539 1594 863 1658 stissimam
909 1599 1154 1672 peteret.
1203 1594 1340 1655 Post
1380 1593 1685 1656 dictatoris
1727 1593 1965 1656 caedem
2011 1592 2285 1655 civilibus
2337 1595 2463 1655 ssu-

541 1673 734 1738 ctibus
776 1674 993 1734 iterum
1035 1671 1308 1748 iactatus,
1352 1673 1593 1751 Antonii
1650 1671 1946 1733 triumviri
2008 1673 2174 1735 iussu
2202 1721 2218 1749 ‚
2284 1674 2464 1736 cuius

541 1755 744 1818 odium
785 1752 1107 1834 philippicis
1133 1748 1259 1833 ‚sihi
1317 1753 1572 1816 maxime
1633 1759 2041 1821 contraxerat,
2111 1753 2464 1815 interfectus

543 1842 629 1897 est
673 1849 828 1895 anno
870 1831 1034 1893 urbis
1075 1833 1344 1907 conditae
1386 1832 1577 1908 Dccxl,
1620 1851 1802 1912 quum
1832 1831 2040 1894 aetatis
2069 1850 2294 1893 annum
2324 1851 2466 1911 age-

458 1977 465 1983 ,
542 1921 633 1977 ret
675 1919 967 1992 quartum
995 1916 1053 1973 et
1090 1911 1521 1990 sexagesimum
1567 1913 1687 1993 (l).

622 1992 745 2055 Etsi
785 1991 1014 2069 Tullius
1055 1991 1325 2071 queritur
1366 1993 1479 2071 (2),
1528 1992 1827 2054 inlinitum
1872 1990 2197 2053 forensium
2239 1990 2462 2055 ‘rerum

541 2072 832 2147 laborem,
875 2072 1169 2133 senatoria
1227 2090 1473 2134 munera
1537 2080 1596 2134 et
1657 2071 2198 2133 turbulentissimas
2259 2072 2466 2152 reipu-

542 2151 732 2215 blicae
775 2159 1147 2231 tempestates
1188 2152 1505 2226 obstitisse,
1532 2151 2237 2231 quominusconiirmata
2267 2159 2464 2216 aetate

544 2250 645 2295 eas
686 2240 843 2293 artes
883 2230 1210 2295 celebraret
1236 2239 1294 2293 et
1322 2232 1625 2300 recoleret,
1662 2231 1879 2311 quibus
1920 2250 1951 2291 a
1998 2247 2183 2310 puero
2224 2231 2464 2294 deditus

545 2314 773 2383 fuerat3
819 2317 1077 2371 attamen
1121 2311 1183 2371 in
1227 2310 1500 2372 maximis
1542 2310 1661 2372 illis
1691 2329 1892 2373 rerum
1937 2310 2356 2391 asperitatibus
2397 2319 2465 2373 et

546 2390 835 2469 angustiis
881 2388 1182 2468 temporis,
1226 2397 1517 2471 quantum
1561 2391 1616 2453 ei
1660 2390 1750 2454 vel
1807 2392 1971 2451 fraus
2025 2389 2403 2452 inimicorum
2437 2439 2458 2463 ,

546 2471 635 2534 vel
679 2489 892 2532 causae
933 2469 1283 2547 amicorum,
1329 2470 1419 2533 vel
1464 2470 1794 2551 respublica
1837 2470 2126 2533 tribueret
2175 2470 2325 2542 otii,
2382 2471 2464 2532 ad

546 2550 924 2616 scribendum
990 2548 1362 2628 potissimum
1424 2551 1693 2612 contulit.
1763 2550 1832 2612 Et
1896 2549 2152 2631 plurima
2215 2548 2460 2628 quidem

549 2631 796 2708 tulli—ana
841 2647 1021 2711 opera
1065 2630 1351 2712 temporis
1392 2630 1672 2692 iniuriam
1716 2636 2071 2714 evaserunt,
2124 2648 2195 2690 ex
2237 2629 2462 2708 quibus

444 2789 449 2795 ι
547 2722 870 2794 supersunt
937 2731 1128 2773 novem
1191 2720 1242 2772 ει
1302 2712 1731 2792 quinqua-qiman
1762 2712 2035 2772 orationes
2061 2757 2088 2787 ,,
2143 2727 2290 2788 quas
2353 2709 2459 2772 ille

549 2796 758 2861 habuit
799 2795 887 2856 vel
932 2794 1005 2854 ad
1049 2794 1335 2873 populum
1365 2841 1381 2869 ,
1425 2793 1514 2854 vel
1566 2791 1629 2851 in
1684 2799 1914 2852 senatu.
1974 2789 2039 2850 In
2101 2788 2193 2850 his
2257 2795 2461 2851 autem

549 2884 637 2942 tot
675 2874 922 2937 virtutes
964 2874 1220 2945 elucent,
1275 2879 1382 2947 ut,
1437 2879 1583 2934 teste
1631 2868 2014 2943 Quintiliano
2044 2868 2174 2949 (3),
2227 2868 2292 2929 in
2347 2868 2464 2932 hoc

550 2974 799 3026 romano
838 2960 1076 3018 oratore
1118 2959 1267 3015 totas
1310 2951 1464 3013 vires
1505 2969 1643 3013 suas
1683 2949 2021 3029 eloquentia
2066 2955 2306 3044 experta
2350 2949 2459 3010 sit.

614 3150 678 3206 (1)
712 3148 767 3197 V.
802 3145 965 3200 Ριυτ.
1004 3141 1059 3193 m
1097 3143 1207 3194 vita
1240 3141 1413 3194 Cicer.
1448 3164 1511 3175 -
1544 3140 1677 3189 Aua.
1713 3135 1935 3195 Vtcron,
1971 3134 2047 3187 De
2079 3133 2184 3184 vir.
2212 3132 2316 3206 ill„
2340 3144 2463 3197 cap.

550 3213 734 3269 mul.
771 3236 827 3247 υ
866 3207 1242 3260 Memorabilia
1288 3205 1436 3268 vitae
1484 3201 1761 3253 Ciceronis
1812 3209 1908 3261 per
1953 3208 2127 3248 annos
2175 3196 2387 3267 digesta
2429 3206 2469 3247 a.

552 3278 843 3329 scnurzio.
879 3274 1039 3332 atque
1069 3267 1359 3319 emendata
1390 3277 1422 3317 a
1454 3265 1510 3325 L.
1547 3266 1780 3316 Usi-aar.
1812 3262 2014 3333 Boi-nae
2054 3261 2188 3331 1328.
2226 3259 2375 3330 '¹¹1⁸‘-
2403 3281 2470 3295 -·

552 3338 785 3392 ciodron
814 3338 863 3387 et
895 3345 1001 3385 son
1030 3334 1189 3390 aucte
1215 3343 1329 3396 par
1360 3334 1422 3380 A.
1447 3327 1505 3380 F.
1530 3326 1776 3378 (humma
1797 3319 1943 3378 ame.
1968 3322 2118 3373 Paris
2142 3324 2282 3382 1843.
2305 3319 2468 3373 111—8'.

610 3402 678 3524 {g}
711 3400 790 3511 32
823 3397 1153 3516 issf’ossatfi'
1177 3465 1232 3515 x,
1269 3456 1321 3532 1„
1353 3456 1457 3504 108.
1489 3441 1490 3444 ’
