2673 4295
381 548 1100 668 HISTORIA
1196 550 1808 669 CRITICA

516 789 1101 901 LITTERARVM
1155 815 1687 901 LATINARVM

575 1646 579 1650 .
634 1553 1027 1648 OPERIS
1082 1555 1545 1648 DIVISIO.

126 1955 149 1962 Δ
218 1871 461 1956 Quum,
512 1870 618 1940 vel
663 1891 703 1939 a
747 1869 998 1959 pueris,
1043 1889 1482 1940 romanorum
1512 1871 1911 1960 scriptorum
1944 1871 2056 1939 ni'-

117 1977 264 2047 tori
313 1995 790 2061 assuescamus,
837 1976 952 2067 qui
985 1977 1318 2066 Augusteo
1347 1977 1742 2071 praesertim
1774 1977 2054 2047 saeculo

119 2093 608 2176 provenerunt,
655 2082 729 2153 in
774 2082 862 2153 iis
906 2082 1214 2174 plerique
1268 2082 1829 2175 conquiescimuS,
1881 2083 2051 2174 quin

117 2204 426 2282 unquam
473 2190 670 2261 latini
717 2191 1049 2262 sermonis
1096 2190 1543 2275 incunabula,
1589 2201 1705 2261 aut
1754 2191 2050 2261 deterio-

118 2320 276 2369 rem
323 2298 509 2368 illius
555 2310 841 2369 aetatem
884 2318 1387 2389 persequamur.
1434 2300 1606 2368 Hine
1653 2308 1874 2368 autem
1934 2298 2053 2383 fit‚.

118 2419 206 2477 ut
250 2407 598 2496 complura
643 2426 767 2477 nos
815 2407 1127 2477 deficiant
1171 2407 1545 2477 litterarum
1590 2405 1930 2496 praesidia
1960 2407 2051 2473 ad.

117 2533 480 2584 romanam
527 2512 996 2604 antiquitatem
1042 2514 1309 2604 penitus
1358 2513 1915 2603 cognoscendam.
1975 2510 2052 2579 St

120 2620 313 2690 enim
359 2638 725 2710 parumper
771 2620 996 2690 animo
1041 2619 1432 2708 cogitemuS‚
1477 2638 1675 2709 quam
1723 2628 1905 2686 arcta
1938 2634 2050 2686 co·

116 2726 448 2818 gnatione
475 2728 876 2817 populorum
909 2748 1130 2798 mores
1162 2739 1228 2797 et
1256 2726 1522 2795 litterae
1560 2724 2055 2809 devinciamur,

118 2835 264 2903 iam
312 2833 480 2903 illud
529 2846 629 2903 est
672 2834 1124 2924 perspicuum,
1171 2855 1515 2923 nunquam
1561 2835 1705 2901 fore
1735 2844 1810 2901 ut
1846 2832 2054 2902 nobis

118 2942 210 3012 de
256 2959 578 3011 romanae
624 2942 841 3031 gentis
885 2943 1301 3014 humanitate
1331 2940 1680 3011 verissime
1711 2941 1912 3011 liceat
1941 2941 2045 3011 iu-

116 3046 375 3131 dicare,
399 3048 564 3137 quin
588 3051 672 3117 ad
698 3049 1067 3118 litterarum
1090 3050 1450 3118 latinarum
1476 3048 1808 3137 originem
1825 3047 2052 3137 primo·

116 3174 588 3243 assurgamus3
635 3167 776 3224 tum
822 3175 1004 3240 vero,
1050 3167 1277 3225 notata
1309 3176 1540 3225 earum
1571 3154 2052 3245 progressione

115 3272 324 3352 atque
373 3261 858 3351 amplitudine,
903 3274 1328 3333 senescentes
1375 3269 1647 3353 quoque
1690 3274 1755 3332 et
1800 3262 1883 3329 ad
1937 3262 2041 3330 ni-

112 3368 340 3437 hilum
381 3368 586 3438 ferme
618 3379 951 3454 venturas,
983 3387 1104 3457 per
1131 3370 1350 3439 varias
1382 3390 1604 3440 rerum
1640 3368 2046 3440 mutationes
