2673 4295
511 377 609 439 822·
1143 388 1460 434 msromAE
1502 386 1773 432 camelus

511 473 705 552 Magni
746 469 1026 548 imagine,
1070 469 1401 547 ingemuit3
1445 476 1503 531 et
1545 467 1711 546 quasi
1755 467 2047 544 ignaviam
2090 485 2260 528 suam
2291 484 2434 545 per-

511 561 732 630 taesus,
778 550 932 629 quod
994 549 1144 611 nihil
1188 567 1220 609 a
1273 567 1334 610 se
1399 546 1782 610 memorabile
1845 554 2041 608 actum
2104 554 2256 609 esset
2321 547 2429 608 illa

512 639 702 695 aetate
744 629 862 711 (1),
908 647 1022 708 qua
1066 627 1397 702 Alexander
1438 627 1641 689 orbem
1685 633 1980 688 terrarum
2009 627 2128 688 iam
2158 625 2432 704 subegis-

511 719 623 786 set,
669 709 1013 772 missionem
1055 708 1336 770 continuo
1378 707 1718 785 efflagitavit
1759 707 1832 768 ad
1874 706 2192 786 captandas
2219 724 2434 785 quam·

513 791 774 872 prImum
817 788 1112 850 maiorum
1155 805 1359 849 rerum
1402 786 1739 851 occasiones
1779 786 1842 848 in
1883 785 2054 849 urbe.

592 869 690 932 Ibi»
725 868 933 931 aedilis
975 873 1232 942 creatuS‚
1280 874 1515 946 praeter
1555 868 1865 930 comitium
1908 873 1965 928 et
2001 867 2195 928 forum
2227 873 2286 926 et
2326 864 2437 926 ba·

511 950 749 1024 silicaS,
795 947 1152 1088 Capitolium
1195 945 1374 1008 etiam
1418 947 1652 1008 ornavit
1694 944 2023 1026 porticibus
2077 944 2150 1006 ad
2197 952 2435 1024 tempus

511 1028 820 1092 extructis
940 1027 1245 1088 enationes
1286 1033 1486 1099 autem
1542 1034 1600 1088 et
1654 1026 1824 1088 ludos
1887 1033 1945 1087 et
2009 1025 2435 1103 gladiatorium

509 1127 732 1172 munus
774 1126 893 1168 una
933 1124 1071 1168 cum
1116 1105 1339 1184 collega
1381 1112 1442 1168 et
1481 1105 1801 1186 separatim
1844 1103 2050 1167 edidit.
2104 1102 2437 1167 Conciliato

509 1187 598 1254 sic
640 1186 844 1267 populi
885 1185 1107 1260 favore,
1153 1184 1440 1254 tentavit,
1488 1193 1554 1245 ut
1611 1183 1725 1247 sibi
1787 1184 2082 1264 Aegyptus
2125 1182 2435 1262 provincia

509 1271 776 1333 daretur.
807 1264 920 1328 Sed
951 1283 1133 1343 quum
1159 1264 1334 1338 hanc,
1361 1264 1708 1326 adversante
1730 1264 2107 1343 optimatium
2132 1263 2392 1325 factione
2416 1312 2432 1340 ,

510 1364 632 1410 non
693 1344 1077 1414 obtinuisset,
1168 1345 1536 1406 ontificatum'
1581 1345 1906 1405 maximum
1950 1342 2160 1422 petiit,
2206 1348 2266 1404 et
2307 1359 2434 1404 non

510 1431 640 1492 sine
681 1423 1090 1504 profusissima
1157 1422 1446 1500 argitione
1486 1431 1577 1485 est
1615 1430 1988 1486 consecutus.

570 1505 826 1581 Praetor
865 1503 1262 1579 renuntiatuS‚
1303 1503 1533 1566 detecta
1575 1502 1983 1565 coniuratione
2005 1501 2315 1573 Catilinae,
2341 1521 2438 1564 se-

509 1591 773 1664 natuque
815 1580 1090 1644 universo
1132 1583 1194 1642 in
1237 1582 1428 1645 socios
1467 1580 1749 1644 facinoris
1804 1581 2075 1642 ultimam
2137 1587 2438 1659 statuente

510 1680 785 1741 poenam,
831 1662 992 1725 solus
1037 1661 1448 1741 municipatim
1490 1661 1832 1724 dividendos
1874 1660 2430 1739 custodiendosque,

511 1741 826 1821 publicatis
867 1741 1061 1817 bonis,
1105 1741 1359 1803 censuit.
1405 1741 1543 1802 Post
1572 1750 1912 1821 praeturam
1944 1759 2077 1802 cum
2110 1740 2187 1800 M.
2219 1724 2439 1804 Bibulo

511 1823 584 1884 ad
606 1822 981 1889 consulatum
1009 1828 1267 1892 evectus,
1300 1820 1584 1899 quamdiu
1618 1821 1774 1883 hunc
1795 1822 2203 1899 magistratum
2228 1820 2436 1898 gessit,

509 1919 666 1964 unus
709 1901 909 1964 omnia
951 1901 1014 1962 in
1055 1899 1364 1980 republica
1405 1901 1478 1963 ad
1520 1898 1835 1962 arbitrium
1882 1898 2341 1961 admimstravit.

591 1980 712 2044 Sub
755 1981 910 2043 idem
956 1987 1190 2060 tempus
1232 1979 1639 2060 Calpurniam,
1685 1980 1751 2042 L.
1798 1978 2029 2042 Pisonis
2071 1978 2276 2055 filiam,
2323 1978 2439 2041 du·

510 2061 594 2122 xit
639 2078 906 2137 uxorem,
951 2067 1010 2122 et
1051 2059 1264 2122 luliam
1318 2059 1503 2121 filiam
1567 2060 1675 2124 Cn.
1741 2058 2019 2138 Pompeio
2083 2057 2436 2136 collocavit3

512 2158 770 2221 quorum
812 2158 881 2203 ea
925 2146 1272 2219 tempestate
1313 2139 1568 2203 maxime
1630 2138 1862 2204 valebat
1922 2140 2266 2203 auctoritas.
2332 2136 2464 2201 His¹

511 2219 891 2300 potissimum
933 2219 1362 2291 adnitentibus,
1407 2221 1618 2283 Caesar
1661 2239 1732 2282 ex
1773 2220 1935 2282 omni
1993 2219 2439 2299 provinciarum

513 2298 683 2378 copia
725 2299 945 2361 Gallias
987 2299 1188 2377 elegit,
1235 2298 1452 2378 quibus
1494 2316 1703 2362 novem
1747 2316 1935 2360 annos
1977 2318 2113 2361 cum
2170 2298 2437 2360 exercitu

552 2378 793 2441 raefuit.
839 2378 1154 2459 Complura
1200 2378 1284 2440 ibi
1326 2377 1528 2457 gessit,
1574 2387 1641 2440 ut
1688 2378 1773 2439 ait
1834 2378 2096 2440 Velleius
2159 2378 2445 2439 Patercu-

540 2476 608 2522 us
649 2457 768 2539 (2),
813 2457 1155 2530 viximultis
1195 2457 1600 2521 voluminibus
1641 2457 2012 2538 explicanda.

594 2537 811 2600 Consul
854 2536 1090 2608 iterum,
1139 2538 1352 2602 altiora
1396 2536 1517 2599 iam
1559 2538 1852 2601 meditans
1894 2546 1954 2600 et
1994 2536 2121 2616 spei
2179 2536 2392 2617 plenirs
2417 2585 2437 2615 ‚

513 2617 1126 2697 nullumlargitionis
1168 2627 1270 2679 aut
1311 2617 1643 2681 officiorum
1686 2637 1871 2697 genus
1912 2618 1975 2678 in
2018 2617 2172 2679 cives
2215 2623 2318 2677 aut
2372 2618 2441 2677 in

515 2697 737 2760 milites
779 2696 1014 2777 publice
1057 2697 1454 2779 privatimque
1496 2697 1717 2761 omisit.
1773 2696 1891 2759 Nec
1955 2695 2186 2759 minore
2239 2695 2442 2760 studio

514 2794 684 2854 reges
724 2776 901 2856 atqu'e
943 2776 1278 2857 provincias
1361 2796 1428 2840 er
1487 2784 1783 2840 terrarum
1846 2776 2049 2840 orbem
2112 2774 2438 2839 alliciebat.

514 2854 690 2918 Hisce
731 2856 960 2919 artibus
1004 2857 1261 2934 Caesar,
1349 2876 1448 2918 um
1511 2857 1574 2922 in
1615 2856 1843 2921 Galliis
1884 2865 2080 2933 esset,
2145 2874 2333 2936 quum
2378 2872 2444 2918 o-

515 2933 748 2996 mnium
777 2936 1036 3000 favorem
1079 2942 1393 3016 captasset,
1439 2936 1554 2998 sibi
1596 2937 1823 3000 aditum
1865 2937 1938 2999 ad
1967 2937 2441 2999 dominationem

515 3013 774 3097 aperuit,
819 3034 998 3096 quam
1041 3016 1133 3079 vel
1176 3022 1367 3079 aetate
1410 3018 1602 3097 prima
1642 3017 1763 3079 iam
1806 3018 2246 3097 concupiverat.

594 3095 801 3157 Postea
831 3113 986 3163 vero.
1021 3094 1247 3158 devicto
1275 3096 1558 3177 Pompeio
1582 3098 1902 3178 multisque
1931 3096 2103 3161 bellis
2132 3097 2441 3175 consectis,

514 3173 837 3255 quinquies
878 3175 1289 3255 triumphavit.
1336 3175 1489 3239 Hinc
1529 3176 1785 3240 dictator
1826 3184 2147 3259 perpetuus
2174 3225 2189 3254 ,
2245 3191 2446 3257 'quum

578 3362 647 3482 g?
679 3362 896 3473 IAinnum
931 3366 1061 3415 tunc
1091 3361 1285 3424 agebat
1311 3364 1543 3417 tertium
1576 3367 1630 3416 et
1671 3364 2035 3426 trigesimum.

733 3427 820 3477 ist.
857 3436 1025 3490 rom..
1059 3426 1127 3488 11,
1162 3426 1240 3477 46.
