2673 4295
583 398 697 459 138
1250 414 1564 461 msronmu
1605 415 1879 462 carrion

580 494 889 559 Paterculo
929 496 1044 558 fuit
1093 495 1343 559 Valerius
1383 498 1687 567 Maximus,
1737 497 1838 576 qui
1883 501 2189 578 postquam
2235 497 2297 560 in
2340 499 2485 563 Asia

579 597 713 640 cum
758 576 932 639 Sexto
974 578 1251 657 Pompeio
1281 576 1590 640 militasset
1616 575 1734 656 (1),
1770 578 1987 641 Romae
2019 578 2281 657 privatus
2313 580 2482 658 vixit,

580 658 680 719 ubi
724 665 849 720 erat
892 657 1138 737 patricio
1179 675 1392 734 genere
1432 663 1627 718 natus.
1674 656 1962 720 Extremis
2002 657 2222 719 Tiberii
2256 666 2492 737 tempo-·

576 737 764 812 ribus,
809 744 939 816 post
978 735 1254 798 Seianum
1300 736 1675 812 exstinctum,
1721 736 1902 798 libros
1943 754 2003 798 1x
2043 737 2333 814 evulgavit
2363 740 2485 801 Fa-

574 827 788 879 ctorum
828 818 1201 895 dictorumque
1242 817 1685 877 memorabilium
1710 863 1725 891 ‚
1792 815 2007 894 quibus
2069 817 2480 880 Romanorum

572 905 750 976 atque
792 903 1122 958 exterarum
1164 895 1427 971 gentium
1472 912 1566 956 res
1606 895 1981 957 continentur
2006 943 2022 972 ,
2077 903 2281 957 notatu
2343 916 2481 957 ma-

572 976 728 1037 xime
769 976 1003 1052 dignae.
1050 973 1206 1036 }Iaec
1246 983 1443 1036 autem
1485 975 1635 1035 -sacta
1677 974 1950 1053 dictaque
1992 994 2071 1036 ex·
2103 974 2279 1035 variis
2321 978 2481 1039 scri-

572 1054 838 1134 ptoribus
877 1052 1173 1132 decerpta,
1217 1053 1279 1114 in
1321 1060 1479 1116 certa
1523 1053 1806 1132 quaedam
1851 1072 2064 1131 genera
2108 1055 2192 1116 sic
2234 1054 2483 1131 digessit

558 1142 786 1206 noster,
839 1141 903 1194 ut
945 1132 1135 1195 omnis
1176 1132 1430 1213 exempli
1470 1133 1816 1195 documenta
1848 1132 2161 1195 lectoribus
2189 1135 2480 1214 suppedi-

571 1220 742 1275 taret.
788 1212 1125 1291 Culpandus
1169 1220 1387 1287 tamen,
1434 1213 1588 1291 quod
1631 1212 1864 1292 ineptus
1905 1212 2201 1275 interdum
2257 1213 2478 1275 verbo-

569 1300 804 1363 rumet
844 1292 1265 1355 sententiarum
1311 1310 1550 1370 aucepS,
1595 1310 1627 1352 a
1669 1291 1864 1353 nativa
1905 1294 2204 1354 narrant1s
2245 1292 2480 1372 simpli-

557 1371 741 1448 citate
782 1370 1068 1446 discedit3
1113 1370 1649 1433 animadversiones
1691 1371 1749 1433 et
1791 1378 2097 1450 praecepta
2154 1371 2227 1432 ad
2288 1372 2476 1435 satie-

558 1457 746 1528 tatem
792 1471 976 1531 usque
1019 1452 1263 1530 oggerit,
1309 1458 1367 1515 et
1408 1449 1609 1513 domui
1652 1450 1949 1528 Augustae
1991 1451 2330 1513 foedissime
2372 1452 2479 1513 ad·

565 1537 852 1592 sentatur.
901 1529 1025 1592 Huc
1086 1530 1308 1592 accedit
1367 1529 1601 1592 dicendi
1664 1530 1816 1592 ratio
1876 1530 2173 1608 discolor,
2218 1531 2472 1610 tumida,

565 1609 1005 1687 declamatoria,
1057 1628 1326 1689 quaeque
1376 1627 1408 1671 a
1462 1609 1682 1671 Tiberii
1737 1616 1926 1672 aetate
1981 1609 2323 1689 longissime
2372 1610 2478 1675 ah-

560 1689 643 1753 ‘sit
692 1689 808 1770 (2).

1441 1847 1470 1926 5
1513 1848 1574 1908 4.

1114 1979 1280 2043 Caius
1327 1978 1616 2042 Cornelius
1666 1978 1911 2041 Tacitus.

639 2150 915 2213 Omnium
959 2149 1398 2224 historicorum,
1444 2151 1546 2229 qui
1593 2157 1721 2230 post
1750 2150 2078 2228 Augustum
2109 2151 2466 2233 floruerunt,

560 2230 732 2307 longe
776 2230 1047 2310 princeps
1088 2230 1341 2293 habetur
1386 2228 1454 2292 C.
1505 2229 1791 2291 Cornelius
1842 2230 2083 2306 Tacitus,
2130 2249 2310 2310 eques
2367 2250 2470 2294 ro-

560 2329 792 2384 manuS‚
837 2329 1008 2389 quem
1054 2311 1156 2370 alii
1199 2309 1476 2371 extremis
1517 2308 1735 2370 Tiberii
1785 2308 2012 2371 Claudii
2068 2310 2460 2391 temporibuS,

559 2390 660 2452 alii
701 2406 840 2451 vero
882 2389 1051 2451 initio
1092 2387 1328 2468 imperii
1381 2389 1693 2451 neroniani
1753 2397 1947 2450 ortum
2012 2390 2233 2451 serunt.
2294 2390 2468 2452 Post-

559 2488 734 2550 quam
780 2469 841 2529 in
884 2469 1165 2531 castrensi
1207 2475 1263 2530 et
1306 2468 1526 2529 sorensi
1570 2484 1747 2547 opera
1803 2468 2255 2530 adolescentiam
2318 2486 2470 2532 con-

557 2551 885 2623 sumsisset,
930 2548 1001 2609 ad
1045 2548 1422 2625 magistratus
1465 2546 1848 2626 capessendos
1888 2567 1951 2610 se
2000 2548 2271 2610 contulit.
2330 2549 2464 2629 lpse

558 2637 753 2691 autem
798 2634 1045 2691 testatur
1086 2627 1203 2708 (3),
1249 2628 1591 2704 dignitatem
1635 2645 1801 2688 suam
1856 2645 1888 2687 a
1951 2625 2306 2707 Vespasiano
2369 2630 2467 2690 in-

558 2710 848 2783 choatam,
894 2725 926 2769 a
966 2706 1096 2769 Tito
1138 2715 1395 2781 auctam,
1427 2705 1814 2780 aDomitiano
1844 2705 2075 2783 longius
2105 2707 2286 2770 fuisse
2317 2726 2464 2788 pro-

559 2796 802 2863 vectam,
848 2795 914 2848 ut
955 2787 1211 2862 tandem,
1253 2785 1507 2847 Traiano
1549 2787 1896 2865 imperante,
1940 2787 2312 2848 consulatum
2359 2787 2467 2850 ob-

560 2868 792 2930 tineret.
859 2866 984 2939 Quo
1047 2883 1200 2927 anno
1262 2864 1576 2926 decesserit
1634 2881 1752 2926 non
1815 2865 2044 2944 liquet3
2125 2868 2464 2928 communis

560 2956 755 3010 tamen
797 2946 1102 3007 doctorum
1147 2944 1348 3025 opinio
1389 2946 1525 3014 sert,
1571 2963 1706 3006 eum
1751 2963 1936 3024 usque
1978 2945 2051 3007 ad
2089 2945 2462 3009 Hadrianum

561 3045 789 3088 vixisse.

636 3104 1029 3185 Thucydidem
1088 3102 1457 3183 potissimum
1522 3122 1592 3166 ex
1653 3103 1911 3180 GraeciS,
1975 3102 2324 3166 Sallustium
2391 3124 2471 3168 ex

621 3327 687 3386 (1)
721 3327 919 3376 vitun.
957 3322 1116 3381 Mix..
1150 3322 1359 3374 Factor.
1393 3323 1584 3374 dictor.
1620 3334 1869 3382 memor..
1903 3324 1969 3383 ιῐ,
2004 3326 2069 3383 63
2108 3334 2181 3384 iv,
2207 3324 2265 3377 ’1.

624 3385 1062 3509 ἐξὲὶδῖξξηὶῗεὲ,
1094 3386 1238 3437 Diss.
1272 3386 1340 3436 de
1373 3385 1482 3437 val.
1516 3387 1658 3436 Max.
1691 3384 1881 3436 Alton.
1918 3389 2054 3436 1684.
