2673 4295
783 365 898 411 Lm.
945 365 1009 409 11.
1056 382 1080 393 -
1121 363 1252 409 mr.
1298 366 1381 411 x1.
1901 397 1906 408 χ
1943 341 2058 411 (07

1042 498 1174 577 §2-

226 628 300 692 L.
347 628 629 690 Lucullus.
674 662 753 674 —
800 627 866 691 G.
911 629 1172 690 Aurelius
1216 629 1397 692 Cotta.
1426 661 1511 678 —
1549 629 1631 691 M.
1688 628 1972 692 Terentius

423 726 610 799 Varro,
658 730 863 809 aliique
903 729 1208 808 philosophi
1248 728 1552 807 Auyusteae
1592 730 1807 790 aetatis.

226 913 477 976 Praeter
515 912 846 990 Rhilonem,
892 912 1203 975 Diodotum
1247 914 1535 993 aliosque,
1579 913 1653 975 de
1696 913 1911 992 quibus
1939 914 2057 976 iam

139 994 376 1056 dictum
419 1000 528 1065 est,
574 994 909 1071 complures
952 993 1147 1070 graeci
1193 992 1529 1072 philosophi
1575 993 1683 1054 hac
1725 1001 1915 1056 aetat-e
1948 994 2060 1055 Ro-

142 1091 310 1135 mam
354 1072 752 1143 adventuum,
798 1072 881 1133 ibi
925 1074 1320 1135 consederunt
1376 1073 1464 1135 vel
1520 1072 1770 1134 docendi
1835 1092 2011 1152 causa
2039 1123 2053 1150 ,

141 1151 252 1215 vel,
283 1152 440 1231 quod
525 1152 822 1230 rincipum
887 1151 1148 1214 virorum
1212 1154 1400 1230 gratia
1444 1152 1791 1230 gauderent.
1860 1152 1924 1213 In
1970 1153 2061 1215 his

143 1233 448 1296 Nicolaum
509 1249 886 1294 amascenum
913 1231 1258 1310 praesertim
1291 1239 1644 1308 memorant,
1678 1230 2054 1301 Xenarchum,

145 1311 498 1374 Athenaeum
539 1310 984 1384 seleuciensem,
1031 1310 1447 1391 peripateticos
1478 1333 1514 1390 ς’
1548 1312 1907 1391 Thrasyllum
1938 1314 2064 1389 pla-

144 1391 415 1454 tonicum
457 1398 633 1470 atque
676 1391 1089 1452 Athenodorum
1143 1398 1503 1463 tarsensem,
1569 1392 1843 1452 stoicum.
1910 1392 2063 1455 Hinc

145 1487 292 1532 vero
333 1470 552 1531 factum
596 1477 705 1540 est,
753 1477 818 1531 ut
861 1469 1112 1531 Romani
1156 1470 1257 1531 alii
1300 1470 1478 1531 aliam
1521 1488 1868 1548 graecorum
1933 1473 2064 1551 phi-

147 1549 533 1627 losophorum
557 1549 866 1623 ‚familiam
911 1557 1302 1613 sectarentur.

227 1628 719 1698 Academicorum
763 1629 1075 1707 rationem,
1121 1630 1217 1691 cui
1245 1628 1477 1689 Tullius
1504 1630 1629 1709 ipse
1658 1629 1892 1691 deditus
1922 1631 2059 1706 suit,

147 1715 468 1775 tenuerunt
510 1710 572 1769 in
615 1708 822 1789 primis
864 1708 931 1769 L.
978 1709 1255 1777 Lucullus,
1303 1726 1536 1770 summo
1582 1708 1667 1768 vir
1709 1708 1971 1786 ingenie,
2003 1715 2063 1772 et

146 1787 335 1849 multa
378 1787 644 1849 doctrina
688 1788 978 1868 expolitus
1025 1787 1165 1869 (1);
1217 1786 1283 1849 C.
1344 1789 1610 1850 Aurelius
1656 1786 1837 1866 Cotta,
1883 1808 2060 1868 quem

148 1866 206 1926 in
254 1866 422 1927 libris
466 1867 548 1927 De
588 1877 791 1930 natura
835 1870 1059 1929 deorum
1099 1874 1304 1929 contra
1349 1867 1670 1947 Epicurum
1727 1874 1785 1929 et
1845 1870 2062 1931 stoicos

147 1947 548 2025 disputantem
591 1948 897 2022 videmus;
941 1947 1024 2008 M.
1079 1948 1369 2008 Terentius
1423 1947 1615 2022 Varro,
1657 1946 1730 2007 ad
1762 1966 1937 2025 quem
1969 1949 2063 2011 Ci-

147 2044 283 2089 cero
311 2026 549 2105 scripsit
577 2026 760 2088 libros
803 2033 1058 2106 quatuor
1099 2025 1558 2088 Academicorum
1600 2025 1695 2106 (2)
1723 2037 1760 2100 ς’
1784 2027 1866 2087 M.
1915 2027 2063 2087 Bru-

150 2113 253 2178 tus,
301 2107 428 2185 qui,
479 2112 625 2168 teste
667 2105 877 2178 Tullio,
935 2106 1371 2187 philosophiam
1436 2106 1637 2167 latinis
1700 2106 1915 2169 litteris
1979 2108 2060 2169 ita

148 2193 235 2248 est
277 2193 637 2267 persecutus,
688 2187 837 2248 nihil
881 2193 947 2248 ut
989 2187 1196 2250 iisdem
1240 2186 1312 2249 de
1356 2185 1533 2248 rebus
1562 2186 1803 2248 Graecia
1833 2187 2063 2250 deside-

147 2273 307 2328 raret
349 2265 490 2346 (3);
537 2273 856 2345 postremO,
909 2267 1133 2328 Publius
1175 2273 1233 2329 et
1279 2265 1448 2330 Caius
1491 2266 1649 2337 Selii,
1687 2273 1745 2328 et
1782 2267 2063 2329 Tetrinius

149 2344 355 2423 Rogas,
400 2363 548 2424 quos
591 2345 857 2408 Philonis
899 2346 1196 2408 auditores
1238 2347 1552 2408 et-doctos
1616 2346 1888 2409 homines
1953 2366 2061 2426 ap-

147 2423 335 2504 pellat
373 2425 614 2488 Catulus
657 2426 813 2504 apud
857 2425 1196 2488 Ciceronem
1240 2426 1361 2506 (4).
1503 2426 1513 2439 “

230 2503 417 2566 Fuere
462 2506 638 2567 etiam
682 2505 839 2566 docti
889 2525 959 2567 ex
1021 2506 1343 2567 stoicorum
1407 2505 1604 2567 schola
1675 2504 2012 2582 complures
2042 2553 2055 2579 ,

149 2582 308 2644 inter
349 2601 518 2662 quOS,
565 2584 831 2646 omnium
877 2585 1192 2661 sententia,
1238 2584 1585 2659 eminetM.
1646 2583 1879 2644 Porcius
1924 2582 2061 2645 Cato

151 2661 442 2724 Uticensis.
489 2663 598 2726 Hic
640 2664 798 2725 enim
855 2663 1103 2727 Zenonis
1166 2672 1490 2744 praecepta·
1542 2664 1879 2743 arripuerat
1940 2680 2060 2724 non

147 2741 487 2821 disputandi
517 2760 717 2814 causa,
751 2750 816 2804 ut
848 2761 1058 2821 magna
1089 2762 1248 2823 pam,
1294 2743 1394 2805 sed
1439 2745 1519 2805 ita
1568 2741 1817 2804 vivendi.
1865 2741 2060 2814 Quare

146 2820 557 2884 incredibilem
602 2821 946 2900 gravitatem
975 2873 989 2894 ,
1039 2841 1214 2902 quam
1261 2830 1389 2886 erat
1440 2841 1472 2884 a
1516 2829 1724 2883 natura
1768 2825 2014 2884 sortitus
2042 2873 2057 2899 ,
2137 2848 2142 2854 ·

149 2909 434 2981 perpetua
478 2903 806 2964 constantia
849 2904 933 2964 sic
975 2903 1296 2979 roboravit,
1344 2912 1410 2964 ut
1472 2901 1690 2965 stoicae
1757 2901 2059 2966 doctrinae

209 3086 275 3144 (1)
311 3084 495 3145 Tunc„
532 3085 781 3137 Academ.
816 3084 1038 3147 disput„
1076 3087 1142 3148 11,
1177 3090 1225 3136 2.

208 3148 274 3204 (2)
308 3148 365 3198 V.
402 3149 548 3199 Tum,
573 3186 587 3208 ,
621 3148 714 3209 Ep.
750 3148 818 3198 ad
853 3147 1125 3209 diversos,
1162 3159 1234 3208 rx,
1270 3152 1331 3205 8;
1370 3146 1530 3200 Acad.
1567 3149 1790 3214 disput„
1819 3150 1859 3208 Ι,
1883 3150 1988 3199 zet
2010 3150 2040 3199 3

211 3211 276 3265 (3)
314 3210 563 3262 Academ.
601 3213 822 3273 poster..
861 3213 906 3267 l,
940 3212 986 3260 3.
1021 3235 1084 3245 —-
1117 3211 1265 3261 Inter
1300 3211 1449 3260 Bruti
1484 3222 1649 3274 opera
1685 3211 1971 3273 philosoph
2000 3221 2063 3259 ca

144 3276 469 3322 recensetur
503 3273 641 3323 tiber
674 3273 765 3322 De
801 3272 867 3322 vi
889 3283 914 3321 r
934 3274 954 3320 t
975 3276 1130 3332 ute,
1166 3282 1331 3333 quem
1364 3271 1433 3324 ad
1466 3272 1787 3328 Ciceronem
1814 3274 2058 3325 miserat.

147 3331 203 3383 V.
247 3330 326 3381 De
361 3332 509 3385 finib.
546 3335 828 3386 bonor.·et
861 3334 1076 3393 malet..
1114 3335 1156 3394 Ι,
1190 3336 1236 3384 3.

212 3395 285 3454 (Δ)
318 3394 567 3448 Academ.
607 3398 796 3459 prior„
833 3395 898 3455 11,
935 3398 980 3442 4.
