2673 4295
504 362 617 424 186
1135 378 1451 423 msronm:
1493 377 1763 422 onmem

544 475 671 534 uos,
717 465 783 519 ut
824 458 949 537 ipse
993 465 1243 521 testatur
1297 458 1438 537 (1),
1495 478 1566 521 ex
1628 455 2071 520 commentariis
2134 454 2398 519 Catonis
2432 502 2455 533 ,

549 536 789 607 rontini,
842 537 1121 615 Paterni,
1166 545 1344 617 atque
1404 557 1474 599 ex
1537 536 2059 618 eonstitutionibus
2122 535 2446 615 Augusti,

480 617 753 687 Traiani,
788 616 1070 680 HadrIani
1096 618 1469 699 potissimum
1501 617 1847 697 depromsit.
1880 617 2126 678 Erudita
2157 635 2301 692 saue
2334 623 2454 677 est

500 695 645 760 haee
686 696 915 776 Vegetii
942 697 1385 772 commentatio,
1416 697 1789 776 antiquitatis
1816 695 2096 758 studiosis
2124 693 2448 777 per'quam
2501 701 2509 705 ’

498 777 685 853 utilis,
729 796 922 856 neque
964 777 1204 841 horrida
1247 777 1507 839 dictione
1551 777 1794 839 omnino
1838 776 2251 855 improbanda.

578 856 880 920 Postremo
924 859 995 919 ad
1041 857 1487 919 mathematicas
1529 856 1868 936 disciplinas
1899 856 2167 935 proxime
2189 855 2446 918 accedit

495 933 838 1016 γεωγραφῖα,
874 937 1045 1000 cuius
1067 956 1363 1018 perpauca
1414 944 1643 1000 exstant
1699 943 2080 998 monumenta
2138 934 2210 996 ad
2264 935 2443 996 hanc

493 1025 745 1080 aetatem
789 1019 1144 1098 pertinentia
1188 1017 1305 1098 (2).
1354 1018 1419 1078 In
1468 1016 1560 1078 his
1622 1025 2048 1079 enumerantur
2110 1017 2438 1076 Itineraria

537 1097 783 1160 uaedam
824 1100 1133 1180 perscripta
1176 1097 1294 1178 (3),
1342 1099 1565 1167 Aethiei
1606 1097 1742 1158 Istri
1774 1095 2224 1176 Cosmoyraphim
2271 1094 2440 1155 Vibii

494 1116 802 1256 §equestris
841 1178 1078 1241 libellus
1123 1179 1204 1240 De
1247 1179 1594 1255 fluminibus,
1638 1177 1903 1272 son-tibus⁹
1931 1177 2193 1256 lacubus,
2221 1195 2433 1256 nemo-

495 1260 666 1336 ribus,
707 1259 1024 1339 paludibus‚
1069 1259 1363 1332 montibuS,
1409 1258 1670 1335 gentibus,
1721 1273 1975 1333 quorum
2021 1255 2177 1335 apud
2208 1262 2431 1335 poetas

494 1339 718 1401 mentio
762 1340 843 1409 fit,
892 1337 1127 1418 aliaque
1171 1337 1485 1413 nonnulla,
1531 1335 1683 1414 quae
1728 1354 1862 1396 cum
1895 1335 2226 1415 Pomponio
2261 1334 2423 1398 Mela

490 1421 587 1482 edi
631 1429 1087 1482 consueverunt.

1223 1598 1484 1682 .CAPVT
1527 1599 1652 1660 ΧΠ.
1685 1633 1696 1646 ·
1753 1571 1756 1574 ’

1020 1756 1109 1800 nn
1172 1729 1864 1797 IVRISPRVDENTIA.

567 1892 918 1964 Senesceute
965 1889 1071 1950 hae
1114 1893 1346 1968 aetate..
1372 1886 1599 1948 nullius
1642 1888 1890 1950 fortasse
1920 1887 2421 1968 disciplinaeim-

487 1974 729 2055 pensius
770 1989 947 2050 quam
991 1966 1139 2029 iuris
1170 1967 1377 2029 studio
1419 1967 1603 2028 dediti
1649 1967 1890 2028 suerunt
1931 1968 2208 2030 Romani.
2241 1968 2414 2041 Quod

486 2054 725 2135 quidem
769 2049 1054 2121 Hadriani
1098 2065 1275 2127 opera
1309 2046 1655 2126 praesertim
1687 2048 1906 2108 factum
1932 2055 2040 2120 est,
2067 2065 2185 2126 quo
2216 2050 2417 2129 impe-

485 2143 677 2211 rante,
703 2151 942 2196 romana
981 2127 1447 2207 iurisprud'entia
1479 2144 1693 2188 novum
1728 2128 1896 2207 quasi
1926 2128 2154 2189 vultum
2186 2128 2409 2205 induit,

483 2223 544 2277 et
569 2211 977 2275 iurisconsulti
1007 2216 1092 2270 tot
1122 2209 1413 2269 honorum
1442 2207 1775 2285 insignibus
1806 2208 2047 2269 fuerunt
2086 2209 2408 2281 honestati,

489 2302 552 2355 ut
593 2291 745 2354 nihil
786 2292 860 2365 iis
902 2290 974 2350 ad
1011 2287 1360 2366 dignitatem
1390 2286 1590 2349 deesse
1621 2287 1941 2348 videretur.
1976 2288 2125 2350 Prae
2154 2289 2412 2352 caeteris

456 2380 686 2435 ,autem
728 2368 917 2448 gratia
959 2376 1017 2430 et
1067 2368 1418 2428 auctoritate
1482 2365 1638 2444 apud
1703 2364 2068 2439 Hadrianum
2132 2368 2413 2431 valebant

486 2454 663 2516 Iulius
707 2451 911 2520 Celsus,
952 2447 1228 2512 'Neratius
1276 2445 1499 2506 Priscus
1541 2453 1599 2506 et
1655 2444 1875 2507 Salvius
1939 2449 2228 2519 Iulianus,
2302 2450 2413 2529 qui

570 2607 610 2661 1)
645 2602 761 2655 Lib.
797 2603 842 2663 Ι,
877 2613 938 2652 ca
981 2641 992 2652 .
1028 2603 1076 2651 8.

547 2608 608 2727 {m
644 2666 699 2718 V.
735 2613 1049 2721 semanim.
1086 2662 1317 2721 Corum„
1354 2670 1460 2723 qua
1492 2657 1837 2720 ostenditur,
1874 2663 2090 2712 veteres
2126 2661 2410 2714 Romanos

485 2730 554 2781 de
589 2726 933 2790 proterendis
967 2725 1220 2785 antiquae
1253 2722 1612 2784 geographiae
1646 2720 1849 2772 finibus
1884 2723 2092 2785 optime
2131 2734 2253 2778 esse
2288 2734 2410 2775 me-

487 2792 641 2842 ritos
681 2788 916 2839 Wetziar
950 2789 1091 2845 1844,
1130 2786 1283 2836 in-4⁰.

526 2854 612 2910 -(3)
648 2850 892 2911 Duplieis
923 2846 1138 2907 generis
1168 2845 1394 2898 fuerunt
1424 2845 1569 2907 apud
1619 2846 1889 2897 Romanos
1940 2848 2094 2898 ltin
2114 2858 2279 2899 erar
2301 2849 2317 2898 i
2338 2860 2404 2904 a.

483 2912 755 2966 Nimirum
792 2923 822 2971 p
840 2922 869 2960 e
890 2923 916 2961 r
938 2923 964 2961 s
983 2924 1010 2961 c
1026 2909 1089 2960 ri
1108 2921 1140 2972 p
1159 2911 1225 2959 ta
1245 2949 1258 2971 ,
1292 2910 1351 2960 in
1383 2907 1580 2970 quibus
1612 2908 1748 2969 loca,
1784 2919 2087 2970 eorumque
2108 2909 2408 2962 distantiae

485 2973 908 3034 adnotabantur,
943 2970 1252 3023 cuiusmodi
1287 2974 1371 3021 est
1405 2971 1895 3022 Itinerarium
1930 2973 2299 3023 Antonini
2334 2977 2404 3024 et

485 3035 1316 3096 Hierosolymitanum;
1374 3034 1605 3093 picta,
1652 3034 1945 3095 quaeipsa
1976 3035 2097 3085 loca
2131 3034 2281 3085 orbis
2316 3047 2407 3086 re-

485 3100 918 3161 praesentarent,
953 3096 1033 3147 uti
1070 3096 1108 3144 T
1127 3095 1209 3146 ab
1226 3096 1353 3146 ula
1384 3096 1422 3144 P
1441 3105 1469 3144 e
1490 3096 1656 3145 utin
1676 3106 1752 3157 ge
1770 3108 1798 3145 r
1817 3097 1832 3146 i
1853 3108 1997 3149 ana.
2032 3096 2142 3147 Nos
2168 3096 2410 3148 dicimus

412 3174 415 3177 ·
487 3163 638 3212 carte
668 3157 1059 3232 topoqratiche.
1098 3159 1173 3208 De
1208 3157 1489 3208 veteribus
1524 3159 1893 3210 Romanorum
1929 3159 2228 3209 itinerariis
2272 3154 2407 3213 vide

486 3221 916 3283 disputationem
950 3220 1006 3272 P.
1042 3219 1470 3280 Wnssssnnmeu,
1504 3219 1707 3270 editam
1730 3220 2121 3273 Amstelodami
2147 3232 2234 3271 an.
2262 3223 2406 3272 1735.

486 3308 550 3319 —
580 3282 657 3335 Cr.
695 3282 822 3334 Tab.
859 3283 978 3335 itin.
1015 3284 1260 3342 Peuting.
1297 3283 1479 3333 denuo
1512 3282 1638 3335 coll.
1674 3282 1892 3334 emend.
1929 3286 1985 3333 et
2005 3293 2149 3335 nova
2171 3282 2227 3333 C.
2256 3283 2412 3333 Man-

485 3346 653 3396 nertii
685 3344 978 3396 introduct.
1017 3345 1282 3397 instructa
1314 3344 1500 3396 studio
1534 3349 1589 3396 et
1623 3355 1792 3406 opera
1822 3345 1983 3398 Acad.
2018 3345 2101 3397 ut.
2135 3355 2246 3405 reg.
2284 3344 2411 3396 Μο-

485 3417 704 3459 nacenS.
740 3408 883 3469 LipS.
922 3409 1061 3467 1824,
1099 3406 1281 3458 in·tol.
