2673 4295
344 460 353 469 .
439 407 549 469 188
1085 420 1399 466 ms‘romn:
1441 417 1712 464 cachz

434 506 547 567 siin
593 512 902 566 ornarunt.
949 500 1073 563 Hoc
1114 502 1271 563 enim
1316 502 1667 581 plerumque
1731 500 1861 563 fieri
1915 499 2223 572 videmuS‚
2289 507 2404 562 ut.

435 582 738 645 inclinatis
781 582 900 645 iam
944 582 1158 643 litteris
1200 588 1377 661 atque
1420 581 1480 641 in
1524 581 1786 643 deterius
1829 576 2245 658 vergentibus,
2310 580 2362 642 ii

436 682 577 744 prae
642 663 891 724 caeteris
954 661 1016 721 in
1078 661 1303 723 honore
1356 660 1707 736 habeantur,
1754 659 1853 738 qui
1898 660 2104 721 relicto
2147 679 2362 722 rerum

437 742 695 823 pondere
737 760 805 804 ac
848 742 1061 817 nitore,
1108 740 1169 800 in
1214 740 1513 803 tradendis
1556 739 1883 820 praeceptis
1911 787 1926 816 ,
1973 741 2034 800 in
2092 757 2366 819 perpen-

433 822 650 900 dendis
693 820 952 899 syllabiS,
987 820 1047 880 in
1100 820 1352 898 quodam
1387 820 1560 881 inani
1604 819 1758 881 circa
1804 837 1970 881 voces
2013 818 2243 894 studio,
2297 819 2369 880 in

439 901 652 979 frigida
695 901 933 963 demum
977 907 1034 962 et
1078 917 1308 961 morosa
1340 899 1672 961 eruditione
1701 905 2151 961 consenescunt.
2184 897 2362 960 Unde

441 990 638 1042 tamen
683 981 900 1041 facturn
945 985 1074 1054 est',
1107 986 1186 1041 'ut
1238 978 1642 1056 grammatici,
1688 995 1943 1057 quorum
1988 985 2077 1039 est
2119 977 2367 1056 linguas

441 1068 646 1122 sartas·
674 1055 855 1121 tectas
896 1077 1172 1136 servare,
1239 1059 1488 1119 latinum
1552 1077 1885 1121 sermonem
1947 1076 1978 1117 a
2038 1056 2368 1137 barbarie,

444 1148 730 1218 quantum
774 1138 902 1202 fieri
949 1145 1195 1217 poterat,
1228 1138 1618 1199 vindicarent.
1652 1138 1810 1199 Inter
1840 1137 1973 1198 illos
2001 1144 2198 1199 autem
2232 1138 2373 1197 lau·

444 1218 673 1280 dandus
728 1219 1075 1297 praesertim
1132 1219 1308 1279 Aulus
1365 1216 1593 1292 Gellius,
1640 1236 1814 1296 quein
1857 1215 2099 1278 Vossius
2144 1216 2241 1296 (1)
2286 1216 2371 1277 ad

445 1297 821 1377 imperatoris
865 1296 1150 1358 Hadriani
1194 1302 1443 1358 aetatem
1488 1297 1693 1368 refert,
1739 1295 2005 1378 plerique
2057 1313 2194 1358 vero
2250 1294 2372 1355 sub

445 1377 744 1439 Antonino
787 1375 890 1438 Pio
935 1375 1187 1438 maxime
1229 1377 1499 1437 floruisse
1542 1376 1929 1438 contendunt.
1976 1373 2106 1437 Hie
2139 1376 2373 1436 Romae

448 1463 635 1530 ortuS‚
682 1462 858 1534 atque
900 1455 1145 1517 Athenis
1188 1455 1402 1517 litteris
1457 1457 1723 1518 eruditus
1751 1504 1766 1532 ,
1838 1456 2373 1533 grammaticorum

451 1544 509 1598 et
551 1534 986 1615 philologorum
1030 1536 1236 1597 aetatis
1278 1552 1420 1596 suae
1464 1537 1739 1614 princeps
1794 1535 2028 1595 habitus
2086 1541 2193 1596 est.
2256 1533 2378 1593 Ex-

451 1623 609 1676 stant
649 1615 811 1676 illius
852 1615 1055 1679 Noctes.
1090 1614 1314 1676 Atticae
1357 1614 1418 1673 in
1460 1631 1533 1674 xx
1575 1613 1758 1676 libros
1800 1613 2174 1689 distributae,
2223 1630 2379 1692 quo-

450 1714 591 1755 rum.
631 1701 827 1756 tamen
870 1701 1107 1755 octavus
1149 1693 1243 1774 (2)
1299 1702 1356 1756 et
1419 1692 1654 1754 initium
1718 1693 1863 1756 sexti
1926 1693 2373 1755 desiderantur.

451 1774 574 1837 Hoc
636 1772 876 1836 nomine
939 1773 1199 1837 Noctium
1259 1772 1579 1834 Atticarum
1641 1791 1788 1852 opus
1845 1791 2018 1833 suum
2064 1772 2377 1851 inscripsit

452 1853 698 1931 dellius,
747 1859 1056 1932 propterea
1099 1852 1254 1932 quod
1298 1852 1660 1931 longinquis,
1707 1860 1771 1912 ut
1815 1854 1943 1931 ipse
1986 1852 2069 1912 ait
2112 1852 2229 1931 (3),
2267 1869 2379 1930 per

455 1933 710 1995 hiemem
735 1932 1030 2003 noctibuS,
1076 1931 1138 1991 in
1183 1949 1324 2010 agro
1345 1933 1560 1993 ‘terrae
1604 1933 1829 1993 Atticae
1860 1932 2032 1992 hasce
2063 1949 2378 1993 commen-

460 2012 711 2075 tationes
754 2012 947 2073 l'acere
990 2028 1233 2073 exorsus
1276 2011 1411 2072 fuit.
1457 2012 1648 2085 Quum
1685 2019 1889 2073 ‘autem
1936 2010 2120 2071 multa
2164 2012 2226 2071 in
2269 2009 2378 2072 'his

457 2090 835 2172 philologica,
882 2091 1108 2168 critica,
1154 2091 1459 2164 historica,
1507 2091 1933 2173 philosophica,
1980 2090 2216 2170 aliaque
2248 2109 2376 2152 me-

459 2180 691 2234 moratu
734 2171 908 2249 digna
953 2189 1023 2233 ex
1063 2171 1397 2234 innumeris
1438 2171 1605 2234 libris
1648 2171 1873 2250 graecis
1915 2178 1974 2233 et
2014 2170 2213 2231 latinis
2255 2170 2377 2232 col-

456 2251 710 2327 legisset,
748 2251 892 2329 ipsis
922 2269 1096 2330 saepe
1125 2270 1268 2312 usus
1296 2258 1558 2312 veterum
1591 2251 1947 2330 scriptorum
1986 2250 2373 2325 dictionibus;

459 2330 630 2391 stilus
671 2328 808 2390 inde
851 2336 1016 2390 ortus
1058 2338 1145 2390 est
1187 2329 1509 2408 disparilis,
1556 2340 1741 2408 purus
1784 2330 2080 2392 interdum
2127 2338 2184 2391 et
2238 2347 2380 2391 con·

465 2408 720 2471 cinnus:
766 2406 828 2467 in
872 2424 989 2488 quo
1032 2415 1230 2470 tamen
1271 2408 1501 2488 aliquot
1543 2410 1679 2470 vitia
1723 2417 2007 2472 notantur
2034 2457 2049 2486 ‚
2095 2417 2272 2488 atque
2314 2408 2378 2468 in

463 2488 672 2568 primis
712 2487 1032 2550 insolentes
1072 2489 1360 2568 quaedam
1405 2504 1596 2563 voceS‚
1643 2508 1794 2569 quae
1833 2497 2053 2552 certam
2084 2485 2379 2568 sequioris

464 2567 673 2630 aetatis
714 2575 913 2630 notam
959 2567 1246 2630 referunt.
1293 2568 1417 2629 Hoc
1459 2567 1641 2645 igitur
1684 2568 1923 2630 nomine
1975 2568 2147 2630 Gellii
2212 2569 2379 2629 lucu-

466 2647 766 2710 brationes
807 2648 1154 2727 praesertim
1199 2655 1339 2710 sunt
1379 2648 1731 2725 laudandae,
1779 2649 1934 2727 quod
1978 2649 2040 2709 in
2084 2648 2176 2708 his
2231 2647 2381 2708 anti-

466 2727 708 2807 quitatis
752 2727 1063 2788 thesaurus
1106 2727 1286 2788 veluti
1329 2727 1645 2789 delitescit.

546 2804 793 2869 Multum
839 2823 1073 2884 quoque
1115 2807 1185 2867 ad
1217 2798 1589 2884 antiquitatis
1619 2806 1927 2868 historiam
1959 2807 2187 2871 confert
2217 2805 2368 2868 libel·

467 2881 565 2945 lus
609 2882 900 2946 Censorini
940 2885 1307 2962 grammatici
1353 2887 1561 2947 Dedie
1604 2888 1803 2961 natali,
1849 2905 1953 2948 seu
2013 2887 2093 2948 De
2146 2890 2376 2948 humana.

470 2965 704 3042 oriyine,
749 2964 891 3024 satis
934 2965 1121 3026 nitido
1163 2965 1298 3027 stilo
1342 2967 1734 3045 conscriptus
1790 2964 2069 3028 Veterum
2128 2965 2377 3044 philoso-

472 3042 673 3121 phiam
718 3050 776 3105 et
818 3043 1196 3122 philologiam
1240 3044 1541 3105 illustrant
1597 3045 1818 3106 Aurelii
1881 3045 2153 3108 Macrobii
2205 3044 2377 3108 ‘Com-

472 3124 874 3185 mentariorum
903 3122 1041 3184 libri
1069 3123 1118 3185 11
1145 3123 1525 3220 iit-Somnium
1552 3123 1842 3207 Scipionis,
1879 3145 1914 3187 e
1941 3125 2189 3187 tulliano
2211 3143 2376 3205 opere

540 3291 604 3350 (1)
636 3290 716 3341 De
749 3291 878 3343 hist.
914 3291 1030 3352 lat„
1068 3291 1109 3352 Ι,
1148 3295 1223 3343 19.

539 3355 601 3412 (2)
635 3352 869 3404 Octavus
904 3354 993 3404 hic
1024 3353 1165 3404 liber
1196 3364 1270 3405 xv
1302 3354 1571 3417 capitibus
1606 3353 2005 3415 continebatur,
2040 3365 2273 3418 quorum
2306 3367 2362 3404 ar

476 3419 731 3480 gumenta
762 3415 944 3467 solum
977 3415 1042 3465 ad
1078 3427 1179 3466 nos
1215 3421 1603 3478 pervenerunt.

545 3479 604 3536 ’3)
639 3477 753 3529 Lib.
789 3488 880 3539 xx,
917 3489 1031 3540 cap.
1075 3482 1142 3526 ιι.
