2673 4295
862 360 978 404 ua.
1015 362 1080 405 11.
1112 378 1139 390 -
1177 361 1334 423 mr.-
1358 331 1415 406 x.
1996 341 2074 404 95

157 446 222 502 ut
262 438 337 501 de
380 438 462 499 M.
519 437 697 500 Tullio
742 438 1010 502 Cicerone
1053 441 1253 521 paullo
1298 440 1487 503 fusius
1551 440 1817 501 dicamus
1847 486 1862 514 ,
1929 438 2070 519 qui,

155 519 425 584 omnium
469 517 714 595 iudicio,
759 519 981 597 primas
1022 520 1086 580 in
1127 521 1464 600 eloquentia
1510 520 1681 582 facile
1725 519 1882 580 tulit.
1985 554 1986 559 κ

234 598 300 660 In
347 614 490 675 agro
520 597 824 679 Arpinati,
871 618 943 661 ex
984 602 1243 678 equestri
1288 599 1512 661 familia
1556 608 1731 660 natus
1774 607 1862 661 est
1916 612 2074 661 anno

158 685 288 769 post
329 676 540 739 urbem
584 677 881 740 conditam
923 678 1178 740 nextvtl.
1231 678 1346 752 Qui
1388 680 1742 741 acerrimum
1786 687 1845 740 et
1885 677 2075 740 docile

159 757 465 835 ingenium
509 766 738 834 nactus,
784 765 1097 836 postquam
1126 778 1196 820 ex
1224 759 1544 821 domestica
1575 757 1649 818 M.
1681 758 1859 819 Tullii
1891 758 2076 837 patris

161 837 472 916 disprlina
516 836 672 915 haud
718 837 1103 916 poenitendos
1145 839 1375 899 fructus
1433 844 1818 918 perceperat,
1847 837 2075 900 ,adole-

162 917 462 980 scentulus
504 934 620 976 una
667 935 802 978 cum
845 915 1065 989 Quinto
1108 917 1292 979 fratre
1334 917 1583 978 Romam
1621 917 1734 978 suit
1762 915 2071 979 deductus.

162 995 243 1059 lbi
283 995 512 1058 litteras
556 997 813 1075 primum
879 996 1086 1058 doctus
1126 1004 1215 1060 est
1257 997 1333 1058 ab
1376 997 1529 1060 Aulo
1572 995 1800 1058 Licinio
1856 996 2074 1057 Archia

124 1081 365 1156 poeta,
437 1076 608 1137 cuius
673 1083 814 1138 tunc
875 1075 1129 1138 maxime
1193 1076 1559 1138 celebratum
1623 1083 1752 1138 erat
1814 1075 1876 1135 in
1929 1075 2077 1136 urbe

163 1173 411 1218 nomen.
457 1157 661 1217 Postea
725 1172 863 1218 vero
923 1155 1307 1234 Apollonium
1367 1155 1663 1218 Molonem
1729 1154 2072 1225 Rhodium,

169 1243 416 1298 actorem
462 1254 764 1296 summum
807 1252 1122 1297 causarum
1179 1243 1239 1298 et
1301 1235 1650 1314 magistrum
1682 1283 1697 1312 ,
1763 1233 2077 1297 Diodotum

169 1314 437 1391 stoicum,
483 1314 817 1376 Phaedrum
863 1321 920 1376 et
960 1314 1252 1378 Zenonem
1296 1306 1632 1395 epicureos,
1675 1322 1735 1376 et
1763 1314 2075 1376 Philonem

171 1394 560 1458 academicum
594 1393 871 1468 .audivit;
916 1393 1065 1455 iuris
1113 1402 1311 1456 autem
1378 1395 1569 1458 civilis
1631 1402 2077 1474 praeceptorem

171 1474 367 1537 habuit
407 1473 476 1547 Q.
523 1473 783 1551 Mucium
824 1472 1190 1547 Scaevolam,
1237 1472 1332 1535 cui
1378 1474 1459 1535 ita
1505 1473 1620 1536 fui-t
1659 1473 1915 1552 dedituS,
1963 1481 2030 1534 ut
2059 1521 2074 1551 ,

172 1556 351 1634 quoad
395 1561 614 1634 posset,
659 1552 733 1614 ab
775 1552 904 1615 eius
947 1553 1130 1616 latere
1171 1571 1478 1633 nunquam
1522 1553 1873 1616 discederet.

242 1634 341 1695 His
384 1632 568 1712 igitur
609 1632 835 1710 ingenii
878 1640 937 1694 et
996 1633 1404 1694 doctrinarum
1470 1632 1784 1713 praesidiis
1845 1631 2079 1711 egregie

175 1713 235 1774 ad
275 1713 675 1794 eloquentiam
719 1711 1023 1773 institutus
1065 1712 1269 1776 Cicero
1312 1712 1376 1773 in
1421 1713 1549 1775 soro
1590 1714 1786 1793 coepit
1827 1712 2075 1788 versari;

177 1794 471 1872 primaque
513 1811 689 1855 causa
736 1809 842 1872 pro
885 1791 1060 1854 Sexto
1104 1791 1314 1855 Roscio
1356 1792 1512 1854 dicta
1579 1800 1807 1854 tantum
1871 1793 2082 1854 habuit

177 1873 688 1935 commendationis
716 1920 730 1941 ,
796 1879 862 1930 ut
924 1871 1087 1932 nulla
1132 1879 1307 1949 esset,
1354 1891 1507 1952 quae
1562 1890 1680 1935 non
1722 1872 1906 1952 ,digna
1950 1872 2080 1936 eius
2171 1943 2177 1947 1

177 1953 488 2031 patrocinio
532 1951 857 2013 videretur.

245 2031 380 2094 Erat
421 2048 491 2094 eo
536 2039 815 2112 tempore
842 2031 907 2091 in
950 2031 1232 2093 Cicerone
1274 2050 1508 2092 summa
1545 2031 1849 2109 gracilitas
1892 2038 1950 2093 et
1991 2031 2079 2092 in·-

179 2109 420 2184 firmitas
450 2112 760 2192 corporis;
805 2128 1109 2192 quumque
1152 2109 1328 2173 amici
1374 2118 1431 2174 et
1473 2110 1686 2174 medici
1742 2129 1877 2174 eum
1939 2111 2081 2173 lior·

181 2199 455 2267 tarentur‚
501 2199 569 2253 ut
611 2209 820 2254 causas
860 2209 1035 2269 agere
1076 2191 1410 2268 desisteret,
1439 2191 1528 2252 ad
1579 2192 1925 2253 firmandam
1985 2212 2084 2254 va·

176 2269 485 2334 'letudinem
529 2272 592 2332 in
634 2270 834 2332 Asiam
876 2271 1178 2351 'profectus
1219 2279 1328 2333 est.
1376 2270 1569 2343 Quum
1613 2272 1868 2334 venisset
1903 2271 2082 2334 Athe·

180 2367 295 2424 naS‚
337 2371 433 2414 sex
477 2369 711 2413 menses
751 2350 868 2410 fuit
909 2369 1044 2412 cum
1085 2350 1403 2427 Antioch0‚
1449 2350 1820 2413 nobilissimo
1863 2352 2080 2413 veteris

181 2430 494 2492 academiae
538 2429 911 2522 philosopho,
955 2429 1253 2509 simulque
1296 2431 1611 2510 disciplina
1656 2450 1799 2492 usus
1842 2439 1930 2494 est
1974 2430 2082 2493 De-

181 2509 367 2572 metrii
404 2510 558 2591 Syri,
604 2526 724 2572 non
777 2507 1055 2587 ignobilis
1115 2510 1352 2574 dicendi
1411 2510 1700 2588 magistri.
1759 2510 2078 2590 Postquam

181 2606 306 2651 vero
345 2588 541 2651 Asiam
586 2596 767 2651 totam
813 2597 1204 2668 peragrasset,
1251 2590 1524 2652 Rhodum
1571 2589 1763 2669 petiit,
1794 2608 1975 2667 seque
2004 2591 2077 2653 ad

181 2670 437 2748 eundem,
480 2687 661 2749 quem
695 2668 927 2742 ,Romae
969 2669 1309 2746 audiverat,¹
1345 2669 1637 2742 Molonem
1680 2669 2020 2749 applicavit.

249 2748 327 2810 Ita
368 2749 431 2809 in
473 2749 682 2811 urbem
724 2767 787 2811 se
830 2748 1054 2828 recepit
1096 2747 1336 2810 biennio
1379 2755 1511 2829 post
1550 2766 1669 2810 non
1714 2749 1887 2811 modo
1916 2767 2084 2811 exer-

183 2826 420 2905 citatior,
464 2829 565 2891 sed
612 2846 795 2908 prope
839 2835 1123 2889 mutatus,
1168 2828 1334 2890 Tunc
1378 2829 1679 2891 enimvero
1742 2847 1879 2890 cum
1945 2847 2079 2909 pro-

183 2913 299 2983 pter
335 2909 742 2971 assiduitatem
784 2906 847 2969 in
891 2908 1086 2970 causis
1127 2916 1183 2969 et
1226 2908 1613 2984 industriam,
1662 2915 1785 2972 tum
1837 2918 2081 2989 propter

183 2988 512 3067 exquisitius
555 2994 612 3049 et
654 2986 901 3049 minime
943 2987 1184 3065 vulgare
1229 2988 1515 3049 orationis
1558 3006 1746 3065 genus
1774 3037 1790 3065 ,
1848 2989 2079 3052 animos

184 3062 474 3129 hominum
517 3067 590 3130 ad
632 3086 695 3131 se
737 3066 970 3129 dicendi
1013 3067 1270 3130 novitate
1325 3069 1637 3140 convertit.
1701 3068 1897 3143 Quare
1960 3070 2083 3148 pri·

185 3162 330 3208 mum
373 3155 671 3227 quaestor,
716 3146 930 3209 deinde
970 3146 1178 3224 aedilis
1220 3146 1452 3209 curulis,
1490 3155 1549 3210 et
1585 3157 1823 3229 praetor
1852 3147 2094 3228 primus'

183 3223 498 3289 incredibili
542 3227 757 3309 populi¹
790 3227 1087 3289 voluntate
1130 3226 1245 3288 fuit
1287 3227 1696 3305 renuntiatus3,
1733 3246 1801 3289 ac
1843 3227 2094 3302 tandem}

185 3320 324 3367 anno
366 3307 528 3369 urbis
570 3306 840 3369 conditae
883 3305 1068 3369 ferme
1109 3322 1255 3367 ncxc
1297 3308 1669 3369 consulatum
1701 3307 1970 3388 adeptus,
2003 3306 2093 3369 obi

183 3383 453 3449 detectam
497 3395 555 3449 et
585 3387 927 3449 exstinctam
961 3386 1248 3449 Catilinae
1277 3386 1749 3451 coniurationem
1780 3388 1839 3447 in
1872 3387 2082 3468 primis
