2673 4295
485 337 601 399 168
1133 353 1448 399 msronmn·
1491 353 1763 399 carricare

484 433 612 496 eius
657 433 907 512 fabulas,
953 452 1103 513 quae
1153 452 1476 514 puerorum
1521 434 1793 495 manibus
1834 434 1977 497 olim
2023 440 2441 506 tererentur,

485 515 956 593 paedagogorum
999 515 1330 592 ignorantia
1386 514 1513 576 sine
1578 515 1751 576 modo
1816 515 2218 595 modestiaque
2286 516 2446 577 soe·

483 593 642 657 davit
685 595 805 675 (1).

1240 777 1473 842 GAPVT
1518 777 1638 841 VII.

989 928 1076 974 DE
1134 927 1455 973 FABVLIS
1510 926 1891 973 MILEsus.

1172 1097 1375 1160 Lucius
1418 1098 1713 1178 Apuleius.

559 1261 746 1323 Venio
788 1280 946 1323 nunc
987 1263 1060 1323 ad
1089 1262 1213 1325 leve
1241 1264 1583 1344 scriptionis
1612 1283 1818 1342 genus,
1851 1266 2014 1345 poesi
2044 1266 2409 1347 finitimum,

480 1341 636 1420 quod
679 1359 712 1401 a
755 1341 1119 1403 Milesiorum
1164 1343 1306 1419 otio,
1353 1344 1455 1423 qui
1499 1344 1908 1406 mollissimam
1951 1344 2126 1409 Asiae
2181 1348 2412 1412 urbem

479 1420 830 1494 incolerent,
877 1422 965 1483 vel
1010 1424 1206 1502 potius
1246 1422 1319 1484 ab
1363 1423 1618 1486 Aristide
1660 1424 2092 1488 Milesiacorum
2122 1435 2401 1505 auctore,

476 1499 743 1562 milesiae
785 1499 1019 1563 fabulae
1063 1520 1277 1565 nomen
1319 1503 1547 1565 invenit
1588 1503 1705 1584 (2).
1753 1505 2101 1584 Complures
2128 1525 2197 1568 ex
2227 1507 2403 1570 hisce

475 1579 694 1642 fabulis
743 1581 1135 1646 condiderunt
1189 1582 1437 1659 Graeci;
1491 1584 1572 1644 ita
1617 1592 1815 1645 tamen
1856 1593 1923 1645 ut
1964 1585 2404 1665 subsequentes

473 1660 791 1740 scriptores
833 1661 1100 1739 priorum
1142 1663 1385 1739 vestigia
1438 1670 1798 1742 premerent.
1856 1664 2026 1743 Apud
2090 1666 2401 1727 Romanos

473 1747 673 1801 autem
714 1739 1076 1802 Milesiarum
1118 1742 1421 1821 exemplar
1460 1742 1556 1821 (3)
1598 1742 1759 1804 dedit
1814 1742 2015 1806 Lucius
2076 1746 2347 1825 Apuleius
2376 1793 2396 1822 ‚

532 1956 592 2014 (ῐ)
616 1955 1031 2016 CANNEGIETER,
1055 1955 1133 2006 De
1155 1958 1329 2005 aetate
1354 1956 1409 2012 et
1430 1954 1559 2005 stilo
1582 1955 1661 2006 Fl.
1686 1955 1880 2007 Aviani
1905 1955 2208 2008 Amstelod.
2246 1957 2392 2012 1731.

533 2019 594 2077 (2)
629 2017 863 2067 Fabulas
896 2016 1160 2078 milesias,
1197 2019 1333 2077 sive,
1370 2020 1429 2066 ut
1463 2017 1587 2067 aliis
1621 2017 1815 2079 placet,
1851 2028 2207 2069 romanenses
2236 2018 2274 2076 (i
2297 2031 2396 2070 ro·

468 2080 695 2139 manzi),
729 2078 894 2140 primi
929 2078 1176 2129 omnium
1209 2078 1439 2129 orientis
1474 2080 1662 2142 populi
1694 2080 2087 2140 excogitarunt.
2126 2080 2191 2130 Et
2232 2080 2269 2130 C
2293 2081 2396 2132 le-

468 2141 770 2192 archum
802 2138 1043 2202 quidem,
1075 2141 1170 2203 qui
1205 2140 1497 2204 scripserat
1530 2142 1827 2193 amatorios
1862 2141 2054 2203 libros,
2089 2142 2218 2193 tulit
2253 2141 2396 2194 effi-

466 2205 570 2264 cia,
606 2205 795 2264 Syriae
826 2203 1010 2253 vicina
1030 2203 1328 2264 provincia.
1370 2205 1387 2252 l
1410 2215 1440 2252 a
1459 2214 1511 2252 m
1530 2203 1563 2253 b
1584 2204 1600 2254 l
1619 2203 1636 2253 i
1654 2216 1683 2254 c
1702 2214 1737 2253 u
1755 2215 1780 2253 s
1802 2243 1814 2264 ,
1850 2204 1942 2266 qui
1967 2205 2293 2254 amatoriam
2318 2205 2390 2258 de

466 2264 726 2316 Rhodane
759 2266 816 2313 et
850 2264 1126 2324 Synonide
1159 2264 1449 2315 historiam
1483 2267 1847 2326 concinnavit,
1922 2266 2201 2316 arentibus
2228 2267 2387 2326 Syris

466 2329 764 2387 prognatus
787 2365 800 2384 ,
834 2325 979 2396 apud
1027 2325 1375 2398 Babylonios·
1405 2326 1666 2376 educatus
1716 2331 1815 2378 est.
1869 2277 1917 2376 ἦ)
1934 2339 1961 2377 e
1984 2328 2091 2378 lio
2111 2327 2145 2378 d
2163 2339 2195 2377 ο
2217 2339 2242 2376 ι·
2262 2339 2296 2376 ιι
2316 2340 2343 2378 s
2370 2370 2385 2390 ,

467 2388 562 2449 qui
594 2386 833 2437 tabulam
865 2386 1136 2437 mileslam
1159 2386 1405 2437 condidit
1426 2387 1491 2436 de
1516 2386 1798 2447 Theagene
1820 2391 1876 2439 et
1897 2389 2198 2449 chariclea,
2223 2393 2390 2441 natus

466 2452 553 2500 est
573 2449 808 2510 Emisae,
831 2458 970 2509 quae
991 2448 1120 2499 urbs
1144 2447 1479 2500 Phoenicum
1501 2448 1621 2500 fuit.
1656 2450 1696 2499 L
1716 2462 1754 2500 u
1770 2450 1833 2501 ci
1853 2462 1885 2500 a
1901 2462 1938 2502 n
1955 2462 1992 2501 u
2009 2463 2034 2502 s
2052 2489 2067 2511 ‚
2103 2454 2196 2513 qui
2231 2451 2392 2504 Lucii

464 2512 524 2562 in
556 2511 774 2562 asinum
807 2510 1276 2571 metamorphosin
1309 2515 1655 2561 commentus
1689 2516 1792 2573 est,
1816 2514 2047 2574 patriam
2071 2512 2262 2563 hahuit
2283 2514 2391 2564 Sa—

466 2577 755 2627 mosatam.
791 2571 1140 2623 Achilles
1174 2572 1467 2640 Tatius,
1504 2583 1535 2622 a
1569 2584 1679 2635 quo
1724 2573 2095 2637 Clitopliontis
2142 2578 2194 2623 et
2243 2575 2390 2626 Leu-

463 2635 654 2699 cippes
684 2643 901 2686 amores
935 2634 1262 2695 accepimus,
1297 2633 1631 2686 Alexandria
1664 2639 1781 2686 erat
1824 2635 2108 2686 oriundus.
2162 2635 2245 2686 Ex
2292 2636 2386 2688 his

465 2701 626 2758 atque
659 2697 784 2746 aliis
818 2695 1090 2758 exemplis
1122 2699 1287 2758 patet,
1322 2697 1630 2748 fabularum
1664 2698 2005 2748 milesiarum
2049 2697 2387 2751 incunabula

465 2768 538 2809 ex
571 2759 801 2808 orientis
837 2757 1147 2817 regionibus
1181 2769 1302 2810 esse
1335 2759 1651 2820 repetenda.
1690 2760 1867 2819 Quum
1918 2762 2101 2809 autem
2148 2758 2277 2810 inde
2328 2762 2386 2812 in

467 2820 745 2870 Graeciam
775 2819 1008 2870 fuissent
1041 2820 1351 2880 translatae,
1387 2821 1647 2871 idoneum
1680 2821 1861 2870 solum
1895 2825 2084 2871 nactae
2107 2861 2120 2882 ,
2173 2821 2386 2872 altissi-

465 2892 584 2931 mas
617 2880 692 2932 ibi
726 2885 950 2940 egerunt
982 2881 1210 2932 radices,
1248 2883 1302 2934 V.
1352 2883 1408 2931 P.
1460 2883 1672 2948 mmm.
1725 2883 1989 2944 HunriuS,
2039 2883 2119 2932 De
2171 2883 2382 2945 origine

464 2942 776 2994 tabularum
800 2951 1111 2994 romanens,
1136 2943 1264 3004 Hag.
1290 2943 1424 2994 Com
1449 2947 1584 2994 1682.
1608 2969 1671 2979 —
1694 2943 1769 2995 Cf.
1795 2945 1980 3006 Bacx„
2005 2943 2380 2998 commentar.

466 3005 534 3055 de
569 3004 735 3056 litter.
770 3004 994 3064 graecis.
1029 3005 1160 3065 Aug.
1198 3007 1565 3057 Taurinorum
1603 3008 1739 3067 1852,
1776 3016 1828 3066 p,
1864 3010 1942 3057 31.
2363 3031 2365 3033 >

525 3068 542 3125 (
574 3068 591 3124 )
625 3067 774 3116 lnter
804 3064 1014 3117 fabulas
1046 3067 1308 3126 milesias,
1335 3078 1474 3128 quae
1497 3079 1723 3118 romano
1745 3067 1896 3118 fonte
1919 3067 2219 3129 fluxerunt,
2244 3079 2384 3120 non-

463 3127 607 3178 nuli
644 3131 933 3178 recensent
964 3127 1128 3179 etiam
1164 3131 1222 3180 T.
1261 3130 1569 3180 Petron.
1605 3129 1900 3181 Arbitri
1931 3131 2382 3193 satyriam,

466 3189 535 3239 de
609 3200 680 3239 uo
713 3188 956 3239 diximus
1005 3189 1101 3242 lib.
1137 3191 1225 3250 111,
1260 3203 1305 3242 c.
1341 3195 1390 3254 4,
1424 3195 1447 3249 ἓ
1488 3195 1535 3244 3.
1591 3192 1879 3243 Praeterea
1926 3191 2166 3243 Milesias
2215 3194 2387 3244 etiam

465 3261 568 3302 con
610 3251 778 3307 idisse
810 3250 1010 3301 dicitur
1051 3252 1351 3313 imperator
1400 3252 1711 3305 Clodius
1747 3254 2097 3312 AlbinuS‚
2150 3264 2387 3316 quarum

464 3311 627 3375 fama,
661 3314 739 3363 ait
771 3312 946 3363 Iulius
979 3313 1317 3374 Capitolinus
1352 3317 1409 3365 in
1443 3317 1564 3366 eius
1598 3317 1730 3375 vita,
1765 3327 1877 3368 non
1910 3315 2167 3377 ignobilis
2210 3316 2388 3368 liabe-

467 3373 643 3437 batur,
678 3377 932 3437 quamvis
963 3375 1310 3428 mediocriter
1342 3382 1526 3429 essent
1558 3379 1811 3442 scriptae.
