<?xml version="1.0" encoding="UTF-8"?>
<!DOCTYPE html PUBLIC "-//W3C//DTD XHTML 1.0 Transitional//EN"
    "http://www.w3.org/TR/xhtml1/DTD/xhtml1-transitional.dtd">
<html xmlns="http://www.w3.org/1999/xhtml" xml:lang="en" lang="en">
 <head>
  <title>
</title>
<meta http-equiv="Content-Type" content="text/html;charset=utf-8" />
  <meta name='ocr-system' content='tesseract 3.04.00' />
  <meta name='ocr-capabilities' content='ocr_page ocr_carea ocr_par ocr_line ocrx_word'/>
</head>
<body>
  <div class='ocr_page' id='page_1' title='image "./historiacritica00vallgoog_0109.png"; bbox 0 0 2673 4295; ppageno 0'>
   <div class='ocr_carea' id='block_1_1' title="bbox 953 321 2143 384">
    <p class='ocr_par' dir='ltr' id='par_1_1' title="bbox 953 321 2143 384">
     <span class='ocr_line' id='line_1_1' title="bbox 953 321 2143 384; baseline 0.003 -4"><span class='ocrx_word' id='word_1_1' title='bbox 953 338 1066 381; x_wconf 78' lang='lat' dir='ltr'>me.</span> <span class='ocrx_word' id='word_1_2' title='bbox 1099 338 1162 381; x_wconf 92' lang='lat'>11.</span> <span class='ocrx_word' id='word_1_3' title='bbox 1195 355 1227 365; x_wconf 93' lang='lat'>-</span> <span class='ocrx_word' id='word_1_4' title='bbox 1256 337 1388 382; x_wconf 75' lang='lat' dir='ltr'>cAP.</span> <span class='ocrx_word' id='word_1_5' title='bbox 1419 339 1478 383; x_wconf 89' lang='lat' dir='ltr'>x.</span> <span class='ocrx_word' id='word_1_6' title='bbox 2036 321 2143 384; x_wconf 85' lang='lat'>101</span> 
     </span>
    </p>
   </div>
   <div class='ocr_carea' id='block_1_2' title="bbox 239 416 2246 2723">
    <p class='ocr_par' dir='ltr' id='par_1_2' title="bbox 239 416 2148 578">
     <span class='ocr_line' id='line_1_2' title="bbox 239 416 2148 497; baseline 0.001 -17"><span class='ocrx_word' id='word_1_7' title='bbox 239 417 427 480; x_wconf 67' lang='lat' dir='ltr'>vincit</span> <span class='ocrx_word' id='word_1_8' title='bbox 468 417 551 479; x_wconf 80' lang='lat' dir='ltr'>M.</span> <span class='ocrx_word' id='word_1_9' title='bbox 600 417 868 492; x_wconf 82' lang='lat' dir='ltr'><strong><em>Calidius,</em></strong></span> <span class='ocrx_word' id='word_1_10' title='bbox 913 419 1015 495; x_wconf 92' lang='lat' dir='ltr'>qui</span> <span class='ocrx_word' id='word_1_11' title='bbox 1058 433 1178 477; x_wconf 89' lang='lat' dir='ltr'>non</span> <span class='ocrx_word' id='word_1_12' title='bbox 1223 416 1332 477; x_wconf 83' lang='lat' dir='ltr'>suit</span> <span class='ocrx_word' id='word_1_13' title='bbox 1375 424 1575 479; x_wconf 86' lang='lat' dir='ltr'>orator</span> <span class='ocrx_word' id='word_1_14' title='bbox 1616 436 1773 481; x_wconf 90' lang='lat' dir='ltr'>unus</span> <span class='ocrx_word' id='word_1_15' title='bbox 1825 439 1857 481; x_wconf 91' lang='lat' dir='ltr'>e</span> <span class='ocrx_word' id='word_1_16' title='bbox 1901 418 2104 481; x_wconf 90' lang='lat' dir='ltr'>multis</span> <span class='ocrx_word' id='word_1_17' title='bbox 2130 467 2148 497; x_wconf 90' lang='lat'>‚</span> 
     </span>
     <span class='ocr_line' id='line_1_3' title="bbox 241 497 1791 578; baseline -0.001 -20"><span class='ocrx_word' id='word_1_18' title='bbox 241 499 345 560; x_wconf 74' lang='lat' dir='ltr'>sed</span> <span class='ocrx_word' id='word_1_19' title='bbox 392 497 589 578; x_wconf 84' lang='lat' dir='ltr'>potius</span> <span class='ocrx_word' id='word_1_20' title='bbox 629 499 784 558; x_wconf 91' lang='lat' dir='ltr'>inter</span> <span class='ocrx_word' id='word_1_21' title='bbox 825 497 1044 558; x_wconf 90' lang='lat' dir='ltr'>multos</span> <span class='ocrx_word' id='word_1_22' title='bbox 1087 513 1269 576; x_wconf 83' lang='lat' dir='ltr'>prope</span> <span class='ocrx_word' id='word_1_23' title='bbox 1310 497 1630 574; x_wconf 85' lang='lat' dir='ltr'>singularis</span> <span class='ocrx_word' id='word_1_24' title='bbox 1672 498 1791 578; x_wconf 89' lang='lat'>(1).</span> 
     </span>
    </p>

    <p class='ocr_par' dir='ltr' id='par_1_3' title="bbox 240 575 2158 1511">
     <span class='ocr_line' id='line_1_4' title="bbox 323 575 2152 657; baseline 0.001 -19"><span class='ocrx_word' id='word_1_25' title='bbox 323 576 399 638; x_wconf 90' lang='lat' dir='ltr'>Ut</span> <span class='ocrx_word' id='word_1_26' title='bbox 441 584 639 638; x_wconf 89' lang='lat' dir='ltr'>autem</span> <span class='ocrx_word' id='word_1_27' title='bbox 683 575 1220 657; x_wconf 67' lang='lat' dir='ltr'>praetermittamus</span> <span class='ocrx_word' id='word_1_28' title='bbox 1253 575 1318 639; x_wconf 88' lang='lat' dir='ltr'>C.</span> <span class='ocrx_word' id='word_1_29' title='bbox 1356 576 1656 639; x_wconf 77' lang='lat' dir='ltr'>Curionem</span> <span class='ocrx_word' id='word_1_30' title='bbox 1684 584 1742 640; x_wconf 92' lang='lat' dir='ltr'>et</span> <span class='ocrx_word' id='word_1_31' title='bbox 1770 576 1836 638; x_wconf 91' lang='lat' dir='ltr'>L.</span> <span class='ocrx_word' id='word_1_32' title='bbox 1869 577 2152 640; x_wconf 78' lang='lat' dir='ltr'>Licinium</span> 
     </span>
     <span class='ocr_line' id='line_1_5' title="bbox 246 655 2152 734; baseline 0.001 -16"><span class='ocrx_word' id='word_1_33' title='bbox 246 655 505 730; x_wconf 78' lang='lat' dir='ltr'>Calvum,</span> <span class='ocrx_word' id='word_1_34' title='bbox 592 655 653 715; x_wconf 93' lang='lat' dir='ltr'>ui</span> <span class='ocrx_word' id='word_1_35' title='bbox 693 655 743 717; x_wconf 90' lang='lat' dir='ltr'>si</span> <span class='ocrx_word' id='word_1_36' title='bbox 786 655 1010 717; x_wconf 85' lang='lat' dir='ltr'>diutius</span> <span class='ocrx_word' id='word_1_37' title='bbox 1060 656 1380 732; x_wconf 85' lang='lat' dir='ltr'><strong>vixissent,</strong></span> <span class='ocrx_word' id='word_1_38' title='bbox 1440 674 1711 734; x_wconf 86' lang='lat' dir='ltr'>magnam</span> <span class='ocrx_word' id='word_1_39' title='bbox 1774 664 1969 719; x_wconf 89' lang='lat' dir='ltr'>essent</span> <span class='ocrx_word' id='word_1_40' title='bbox 2028 659 2152 721; x_wconf 91' lang='lat' dir='ltr'>elo-</span> 
     </span>
     <span class='ocr_line' id='line_1_6' title="bbox 243 735 2153 815; baseline 0.002 -19"><span class='ocrx_word' id='word_1_41' title='bbox 243 736 523 814; x_wconf 79' lang='lat' dir='ltr'>quentiae</span> <span class='ocrx_word' id='word_1_42' title='bbox 589 735 800 797; x_wconf 87' lang='lat' dir='ltr'>andem</span> <span class='ocrx_word' id='word_1_43' title='bbox 843 735 1164 810; x_wconf 83' lang='lat' dir='ltr'>consecuti,</span> <span class='ocrx_word' id='word_1_44' title='bbox 1206 735 1366 795; x_wconf 86' lang='lat' dir='ltr'>iuvat</span> <span class='ocrx_word' id='word_1_45' title='bbox 1394 753 1535 815; x_wconf 88' lang='lat' dir='ltr'>prae</span> <span class='ocrx_word' id='word_1_46' title='bbox 1565 736 1813 798; x_wconf 89' lang='lat' dir='ltr'>caeteris</span> <span class='ocrx_word' id='word_1_47' title='bbox 1840 736 2153 801; x_wconf 89' lang='lat' dir='ltr'>nominare</span> 
     </span>
     <span class='ocr_line' id='line_1_7' title="bbox 240 813 2154 894; baseline 0.001 -17"><span class='ocrx_word' id='word_1_48' title='bbox 240 816 600 890; x_wconf 78' lang='lat' dir='ltr'>Marcellum,</span> <span class='ocrx_word' id='word_1_49' title='bbox 645 833 821 894; x_wconf 89' lang='lat' dir='ltr'>quem</span> <span class='ocrx_word' id='word_1_50' title='bbox 865 813 1081 894; x_wconf 84' lang='lat' dir='ltr'>Brutus</span> <span class='ocrx_word' id='word_1_51' title='bbox 1122 813 1217 893; x_wconf 76' lang='lat'>(2)</span> <span class='ocrx_word' id='word_1_52' title='bbox 1260 815 1529 876; x_wconf 86' lang='lat' dir='ltr'>Ciceroni</span> <span class='ocrx_word' id='word_1_53' title='bbox 1557 816 1813 877; x_wconf 90' lang='lat' dir='ltr'>similem</span> <span class='ocrx_word' id='word_1_54' title='bbox 1843 816 1969 878; x_wconf 85' lang='lat' dir='ltr'>sore</span> <span class='ocrx_word' id='word_1_55' title='bbox 2000 816 2154 879; x_wconf 91' lang='lat' dir='ltr'>iudi-</span> 
     </span>
     <span class='ocr_line' id='line_1_8' title="bbox 243 892 2158 972; baseline 0.001 -16"><span class='ocrx_word' id='word_1_56' title='bbox 243 894 421 972; x_wconf 87' lang='lat' dir='ltr'>cavit,</span> <span class='ocrx_word' id='word_1_57' title='bbox 469 900 527 956; x_wconf 95' lang='lat' dir='ltr'>et</span> <span class='ocrx_word' id='word_1_58' title='bbox 568 895 777 955; x_wconf 85' lang='lat' dir='ltr'>Iulium</span> <span class='ocrx_word' id='word_1_59' title='bbox 822 893 1140 971; x_wconf 83' lang='lat' dir='ltr'>Caesarem,</span> <span class='ocrx_word' id='word_1_60' title='bbox 1185 895 1287 971; x_wconf 90' lang='lat' dir='ltr'>qui</span> <span class='ocrx_word' id='word_1_61' title='bbox 1330 892 1405 954; x_wconf 92' lang='lat' dir='ltr'>ab</span> <span class='ocrx_word' id='word_1_62' title='bbox 1445 893 1636 955; x_wconf 88' lang='lat' dir='ltr'>Attico</span> <span class='ocrx_word' id='word_1_63' title='bbox 1678 894 1869 957; x_wconf 89' lang='lat' dir='ltr'>dictus</span> <span class='ocrx_word' id='word_1_64' title='bbox 1911 903 2001 958; x_wconf 88' lang='lat' dir='ltr'>est</span> <span class='ocrx_word' id='word_1_65' title='bbox 2028 913 2158 957; x_wconf 88' lang='lat' dir='ltr'>om-</span> 
     </span>
     <span class='ocr_line' id='line_1_9' title="bbox 243 972 2153 1054; baseline 0.001 -20"><span class='ocrx_word' id='word_1_66' title='bbox 243 975 413 1034; x_wconf 88' lang='lat' dir='ltr'>nium</span> <span class='ocrx_word' id='word_1_67' title='bbox 458 973 581 1035; x_wconf 86' lang='lat' dir='ltr'>fere</span> <span class='ocrx_word' id='word_1_68' title='bbox 623 981 923 1035; x_wconf 88' lang='lat' dir='ltr'>oratorum</span> <span class='ocrx_word' id='word_1_69' title='bbox 968 972 1150 1034; x_wconf 88' lang='lat' dir='ltr'>latine</span> <span class='ocrx_word' id='word_1_70' title='bbox 1191 972 1354 1052; x_wconf 91' lang='lat' dir='ltr'>loqui</span> <span class='ocrx_word' id='word_1_71' title='bbox 1396 973 1830 1050; x_wconf 78' lang='lat' dir='ltr'>elegantissime</span> <span class='ocrx_word' id='word_1_72' title='bbox 1859 974 1974 1054; x_wconf 89' lang='lat'><strong>(3).</strong></span> <span class='ocrx_word' id='word_1_73' title='bbox 2007 974 2153 1047; x_wconf 84' lang='lat' dir='ltr'>Qui-</span> 
     </span>
     <span class='ocr_line' id='line_1_10' title="bbox 244 1049 2156 1133; baseline 0.002 -21"><span class='ocrx_word' id='word_1_74' title='bbox 244 1051 356 1113; x_wconf 90' lang='lat' dir='ltr'>bus</span> <span class='ocrx_word' id='word_1_75' title='bbox 396 1049 638 1118; x_wconf 87' lang='lat' dir='ltr'>demum</span> <span class='ocrx_word' id='word_1_76' title='bbox 681 1051 1091 1129; x_wconf 87' lang='lat' dir='ltr'>adiungendus</span> <span class='ocrx_word' id='word_1_77' title='bbox 1146 1053 1228 1113; x_wconf 87' lang='lat' dir='ltr'>M.</span> <span class='ocrx_word' id='word_1_78' title='bbox 1293 1052 1395 1114; x_wconf 92' lang='lat' dir='ltr'>ille</span> <span class='ocrx_word' id='word_1_79' title='bbox 1457 1052 1667 1114; x_wconf 81' lang='lat' dir='ltr'>Brutus</span> <span class='ocrx_word' id='word_1_80' title='bbox 1696 1102 1711 1130; x_wconf 87' lang='lat'>‚</span> <span class='ocrx_word' id='word_1_81' title='bbox 1777 1072 1954 1133; x_wconf 89' lang='lat' dir='ltr'>quem</span> <span class='ocrx_word' id='word_1_82' title='bbox 1997 1054 2156 1116; x_wconf 51' lang='lat' dir='ltr'>¹&#39;l&#39;ul-</span> 
     </span>
     <span class='ocr_line' id='line_1_11' title="bbox 243 1130 2155 1210; baseline 0.003 -19"><span class='ocrx_word' id='word_1_83' title='bbox 243 1132 363 1192; x_wconf 89' lang='lat' dir='ltr'>lius</span> <span class='ocrx_word' id='word_1_84' title='bbox 405 1131 502 1210; x_wconf 79' lang='lat'>(4)</span> <span class='ocrx_word' id='word_1_85' title='bbox 543 1132 741 1195; x_wconf 88' lang='lat' dir='ltr'>dicere</span> <span class='ocrx_word' id='word_1_86' title='bbox 783 1149 899 1193; x_wconf 91' lang='lat' dir='ltr'>non</span> <span class='ocrx_word' id='word_1_87' title='bbox 938 1130 1247 1208; x_wconf 84' lang='lat' dir='ltr'>dubitavit,</span> <span class='ocrx_word' id='word_1_88' title='bbox 1278 1150 1398 1193; x_wconf 89' lang='lat' dir='ltr'>non</span> <span class='ocrx_word' id='word_1_89' title='bbox 1429 1132 1693 1210; x_wconf 84' lang='lat' dir='ltr'>linguam</span> <span class='ocrx_word' id='word_1_90' title='bbox 1726 1134 1898 1195; x_wconf 92' lang='lat' dir='ltr'>modo</span> <span class='ocrx_word' id='word_1_91' title='bbox 1927 1134 2155 1197; x_wconf 80' lang='lat' dir='ltr'>acuisse</span> 
     </span>
     <span class='ocr_line' id='line_1_12' title="bbox 245 1210 2157 1291; baseline 0.002 -19"><span class='ocrx_word' id='word_1_92' title='bbox 245 1210 668 1274; x_wconf 84' lang='lat' dir='ltr'>exercitatione</span> <span class='ocrx_word' id='word_1_93' title='bbox 709 1211 965 1289; x_wconf 87' lang='lat' dir='ltr'>dicendi,</span> <span class='ocrx_word' id='word_1_94' title='bbox 997 1211 1110 1273; x_wconf 73' lang='lat' dir='ltr'>’sed</span> <span class='ocrx_word' id='word_1_95' title='bbox 1162 1218 1221 1272; x_wconf 91' lang='lat' dir='ltr'>et</span> <span class='ocrx_word' id='word_1_96' title='bbox 1281 1210 1469 1291; x_wconf 81' lang='lat' dir='ltr'>ipsam</span> <span class='ocrx_word' id='word_1_97' title='bbox 1534 1212 1931 1291; x_wconf 84' lang='lat' dir='ltr'>eloquentiam</span> <span class='ocrx_word' id='word_1_98' title='bbox 1994 1214 2157 1283; x_wconf 85' lang='lat' dir='ltr'>locu·</span> 
     </span>
     <span class='ocr_line' id='line_1_13' title="bbox 243 1289 2157 1369; baseline 0.002 -19"><span class='ocrx_word' id='word_1_99' title='bbox 243 1291 558 1369; x_wconf 84' lang='lat' dir='ltr'>pletavisse</span> <span class='ocrx_word' id='word_1_100' title='bbox 598 1291 935 1369; x_wconf 81' lang='lat' dir='ltr'>graviorum</span> <span class='ocrx_word' id='word_1_101' title='bbox 978 1290 1194 1351; x_wconf 89' lang='lat' dir='ltr'>artium</span> <span class='ocrx_word' id='word_1_102' title='bbox 1237 1289 1666 1369; x_wconf 84' lang='lat' dir='ltr'>instrumentO,</span> <span class='ocrx_word' id='word_1_103' title='bbox 1712 1300 1771 1353; x_wconf 89' lang='lat' dir='ltr'>et</span> <span class='ocrx_word' id='word_1_104' title='bbox 1810 1292 2019 1354; x_wconf 89' lang='lat' dir='ltr'>iisdem</span> <span class='ocrx_word' id='word_1_105' title='bbox 2063 1312 2157 1354; x_wconf 93' lang='lat' dir='ltr'>ar-</span> 
     </span>
     <span class='ocr_line' id='line_1_14' title="bbox 245 1369 2155 1462; baseline 0.003 -32"><span class='ocrx_word' id='word_1_106' title='bbox 245 1369 410 1462; x_wconf 72' lang='lat' dir='ltr'>tibus</span> <span class='ocrx_word' id='word_1_107' title='bbox 444 1370 625 1432; x_wconf 89' lang='lat' dir='ltr'>decus</span> <span class='ocrx_word' id='word_1_108' title='bbox 666 1370 1118 1440; x_wconf 38' lang='lat' dir='ltr'>omne‘virtutis</span> <span class='ocrx_word' id='word_1_109' title='bbox 1159 1388 1292 1432; x_wconf 91' lang='lat' dir='ltr'>cum</span> <span class='ocrx_word' id='word_1_110' title='bbox 1323 1388 1551 1432; x_wconf 88' lang='lat' dir='ltr'>summa</span> <span class='ocrx_word' id='word_1_111' title='bbox 1584 1370 1954 1451; x_wconf 84' lang='lat' dir='ltr'>eloquentiae</span> <span class='ocrx_word' id='word_1_112' title='bbox 1983 1371 2155 1436; x_wconf 89' lang='lat' dir='ltr'>laude</span> 
     </span>
     <span class='ocr_line' id='line_1_15' title="bbox 246 1467 534 1511; baseline 0.01 -4"><span class='ocrx_word' id='word_1_113' title='bbox 246 1467 534 1511; x_wconf 80' lang='lat' dir='ltr'>iunxisse.</span> 
     </span>
    </p>

    <p class='ocr_par' dir='ltr' id='par_1_4' title="bbox 247 1515 2246 2723">
     <span class='ocr_line' id='line_1_16' title="bbox 327 1515 2148 1621; baseline 0.002 -32"><span class='ocrx_word' id='word_1_114' title='bbox 327 1528 645 1591; x_wconf 85' lang='lat' dir='ltr'>Hactenus.</span> <span class='ocrx_word' id='word_1_115' title='bbox 669 1528 740 1591; x_wconf 93' lang='lat' dir='ltr'>de</span> <span class='ocrx_word' id='word_1_116' title='bbox 782 1515 1138 1605; x_wconf 83' lang='lat' dir='ltr'>oratoribus,</span> <span class='ocrx_word' id='word_1_117' title='bbox 1182 1528 1245 1589; x_wconf 91' lang='lat' dir='ltr'>in</span> <span class='ocrx_word' id='word_1_118' title='bbox 1300 1528 1515 1621; x_wconf 80' lang='lat' dir='ltr'>quibus</span> <span class='ocrx_word' id='word_1_119' title='bbox 1576 1529 1725 1590; x_wconf 89' lang='lat' dir='ltr'>nihil</span> <span class='ocrx_word' id='word_1_120' title='bbox 1790 1528 1905 1592; x_wconf 90' lang='lat' dir='ltr'>nisi</span> <span class='ocrx_word' id='word_1_121' title='bbox 1969 1531 2148 1593; x_wconf 89' lang='lat' dir='ltr'>since·</span> 
     </span>
     <span class='ocr_line' id='line_1_17' title="bbox 248 1608 2154 1689; baseline 0.003 -22"><span class='ocrx_word' id='word_1_122' title='bbox 248 1626 390 1668; x_wconf 89' lang='lat' dir='ltr'>rum·</span> <span class='ocrx_word' id='word_1_123' title='bbox 427 1616 488 1669; x_wconf 89' lang='lat' dir='ltr'>et</span> <span class='ocrx_word' id='word_1_124' title='bbox 526 1627 737 1670; x_wconf 89' lang='lat' dir='ltr'>sanum</span> <span class='ocrx_word' id='word_1_125' title='bbox 783 1616 1141 1671; x_wconf 89' lang='lat' dir='ltr'>occurreret.</span> <span class='ocrx_word' id='word_1_126' title='bbox 1185 1608 1373 1671; x_wconf 80' lang='lat' dir='ltr'>Venio</span> <span class='ocrx_word' id='word_1_127' title='bbox 1413 1627 1574 1670; x_wconf 89' lang='lat' dir='ltr'>nunc</span> <span class='ocrx_word' id='word_1_128' title='bbox 1616 1609 1688 1670; x_wconf 93' lang='lat' dir='ltr'>ad</span> <span class='ocrx_word' id='word_1_129' title='bbox 1731 1608 1833 1669; x_wconf 90' lang='lat' dir='ltr'>illa</span> <span class='ocrx_word' id='word_1_130' title='bbox 1865 1616 2154 1689; x_wconf 72' lang='lat' dir='ltr'>tempora,</span> 
     </span>
     <span class='ocr_line' id='line_1_18' title="bbox 248 1686 2156 1767; baseline 0.002 -20"><span class='ocrx_word' id='word_1_131' title='bbox 248 1686 467 1766; x_wconf 87' lang='lat' dir='ltr'>quibus</span> <span class='ocrx_word' id='word_1_132' title='bbox 509 1705 752 1750; x_wconf 87' lang='lat' dir='ltr'>romana</span> <span class='ocrx_word' id='word_1_133' title='bbox 797 1688 1127 1767; x_wconf 83' lang='lat' dir='ltr'>respublica</span> <span class='ocrx_word' id='word_1_134' title='bbox 1169 1689 1234 1748; x_wconf 90' lang='lat' dir='ltr'>in</span> <span class='ocrx_word' id='word_1_135' title='bbox 1279 1689 1457 1749; x_wconf 88' lang='lat' dir='ltr'>unius</span> <span class='ocrx_word' id='word_1_136' title='bbox 1500 1688 1746 1766; x_wconf 86' lang='lat' dir='ltr'>Augusti</span> <span class='ocrx_word' id='word_1_137' title='bbox 1789 1688 2156 1750; x_wconf 87' lang='lat' dir='ltr'>dominatum</span> 
     </span>
     <span class='ocr_line' id='line_1_19' title="bbox 249 1767 2160 1847; baseline 0.002 -19"><span class='ocrx_word' id='word_1_138' title='bbox 249 1767 562 1847; x_wconf 81' lang='lat' dir='ltr'>concessit.</span> <span class='ocrx_word' id='word_1_139' title='bbox 608 1768 828 1829; x_wconf 87' lang='lat' dir='ltr'>Exinde</span> <span class='ocrx_word' id='word_1_140' title='bbox 869 1767 1176 1847; x_wconf 86' lang='lat' dir='ltr'>paullatim</span> <span class='ocrx_word' id='word_1_141' title='bbox 1221 1768 1500 1829; x_wconf 88' lang='lat' dir='ltr'>defloruit</span> <span class='ocrx_word' id='word_1_142' title='bbox 1540 1767 1878 1847; x_wconf 87' lang='lat' dir='ltr'>eloquentia</span> <span class='ocrx_word' id='word_1_143' title='bbox 1906 1816 1921 1842; x_wconf 92' lang='lat'>,</span> <span class='ocrx_word' id='word_1_144' title='bbox 1990 1770 2160 1831; x_wconf 90' lang='lat' dir='ltr'>cuius</span> 
     </span>
     <span class='ocr_line' id='line_1_20' title="bbox 251 1846 2246 1926; baseline 0.003 -20"><span class='ocrx_word' id='word_1_145' title='bbox 251 1853 388 1908; x_wconf 87' lang='lat' dir='ltr'>mox</span> <span class='ocrx_word' id='word_1_146' title='bbox 429 1846 777 1909; x_wconf 87' lang='lat' dir='ltr'>interiturae</span> <span class='ocrx_word' id='word_1_147' title='bbox 819 1847 985 1926; x_wconf 89' lang='lat' dir='ltr'>quasi</span> <span class='ocrx_word' id='word_1_148' title='bbox 1027 1846 1276 1925; x_wconf 87' lang='lat' dir='ltr'>semina,</span> <span class='ocrx_word' id='word_1_149' title='bbox 1323 1848 1442 1908; x_wconf 86' lang='lat' dir='ltr'>iam</span> <span class='ocrx_word' id='word_1_150' title='bbox 1470 1866 1532 1909; x_wconf 92' lang='lat' dir='ltr'>se</span> <span class='ocrx_word' id='word_1_151' title='bbox 1561 1847 1711 1925; x_wconf 86' lang='lat' dir='ltr'>viv0,</span> <span class='ocrx_word' id='word_1_152' title='bbox 1745 1865 1945 1925; x_wconf 88' lang='lat' dir='ltr'>sparsa</span> <span class='ocrx_word' id='word_1_153' title='bbox 1977 1846 2159 1911; x_wconf 82' lang='lat' dir='ltr'>fuisse</span> <span class='ocrx_word' id='word_1_154' title='bbox 2241 1885 2246 1890; x_wconf 61' lang='lat'>,</span> 
     </span>
     <span class='ocr_line' id='line_1_21' title="bbox 247 1924 2186 2006; baseline 0.001 -21"><span class='ocrx_word' id='word_1_155' title='bbox 247 1924 480 1987; x_wconf 90' lang='lat' dir='ltr'>Tullius</span> <span class='ocrx_word' id='word_1_156' title='bbox 523 1925 883 2005; x_wconf 84' lang='lat' dir='ltr'>querebatur</span> <span class='ocrx_word' id='word_1_157' title='bbox 924 1926 1041 2006; x_wconf 88' lang='lat'><strong>(5).</strong></span> <span class='ocrx_word' id='word_1_158' title='bbox 1089 1925 1292 2005; x_wconf 88' lang='lat' dir='ltr'>Neque</span> <span class='ocrx_word' id='word_1_159' title='bbox 1334 1927 1509 1987; x_wconf 88' lang='lat' dir='ltr'>aliter</span> <span class='ocrx_word' id='word_1_160' title='bbox 1550 1927 1680 1987; x_wconf 88' lang='lat' dir='ltr'>fieri</span> <span class='ocrx_word' id='word_1_161' title='bbox 1723 1927 1936 2006; x_wconf 90' lang='lat' dir='ltr'>potuit.</span> <span class='ocrx_word' id='word_1_162' title='bbox 1982 1925 2186 1987; x_wconf 84' lang='lat' dir='ltr'>Nam--</span> 
     </span>
     <span class='ocr_line' id='line_1_22' title="bbox 253 2004 2162 2086; baseline 0.001 -20"><span class='ocrx_word' id='word_1_163' title='bbox 253 2023 394 2083; x_wconf 89' lang='lat' dir='ltr'>que,</span> <span class='ocrx_word' id='word_1_164' title='bbox 439 2012 632 2067; x_wconf 87' lang='lat' dir='ltr'>stante</span> <span class='ocrx_word' id='word_1_165' title='bbox 672 2004 1001 2086; x_wconf 83' lang='lat' dir='ltr'>republica,</span> <span class='ocrx_word' id='word_1_166' title='bbox 1046 2005 1419 2084; x_wconf 87' lang='lat' dir='ltr'>eloquentiae</span> <span class='ocrx_word' id='word_1_167' title='bbox 1461 2004 1657 2067; x_wconf 88' lang='lat' dir='ltr'>studio</span> <span class='ocrx_word' id='word_1_168' title='bbox 1700 2004 1951 2066; x_wconf 84' lang='lat' dir='ltr'>maxima</span> <span class='ocrx_word' id='word_1_169' title='bbox 1991 2015 2162 2068; x_wconf 88' lang='lat' dir='ltr'>erant</span> 
     </span>
     <span class='ocr_line' id='line_1_23' title="bbox 251 2084 2223 2166; baseline 0.003 -22"><span class='ocrx_word' id='word_1_170' title='bbox 251 2084 554 2166; x_wconf 87' lang='lat' dir='ltr'>proposita</span> <span class='ocrx_word' id='word_1_171' title='bbox 599 2086 861 2166; x_wconf 89' lang='lat' dir='ltr'>praemia</span> <span class='ocrx_word' id='word_1_172' title='bbox 904 2086 992 2150; x_wconf 91' lang='lat' dir='ltr'>vel</span> <span class='ocrx_word' id='word_1_173' title='bbox 1037 2086 1110 2147; x_wconf 90' lang='lat' dir='ltr'>ad</span> <span class='ocrx_word' id='word_1_174' title='bbox 1152 2085 1427 2164; x_wconf 82' lang='lat' dir='ltr'>gratiam,</span> <span class='ocrx_word' id='word_1_175' title='bbox 1471 2085 1561 2146; x_wconf 88' lang='lat' dir='ltr'>vel</span> <span class='ocrx_word' id='word_1_176' title='bbox 1605 2085 1678 2145; x_wconf 89' lang='lat' dir='ltr'>ad</span> <span class='ocrx_word' id='word_1_177' title='bbox 1720 2101 1884 2166; x_wconf 84' lang='lat' dir='ltr'>opeS,</span> <span class='ocrx_word' id='word_1_178' title='bbox 1941 2086 2031 2149; x_wconf 88' lang='lat' dir='ltr'>vel</span> <span class='ocrx_word' id='word_1_179' title='bbox 2086 2087 2159 2149; x_wconf 90' lang='lat' dir='ltr'>ad</span> <span class='ocrx_word' id='word_1_180' title='bbox 2219 2133 2223 2137; x_wconf 20' lang='grc' dir='ltr'><strong>Α</strong></span> 
     </span>
     <span class='ocr_line' id='line_1_24' title="bbox 250 2165 2162 2245; baseline 0.003 -19"><span class='ocrx_word' id='word_1_181' title='bbox 250 2165 624 2243; x_wconf 84' lang='lat' dir='ltr'>dignitatem.</span> <span class='ocrx_word' id='word_1_182' title='bbox 662 2165 862 2239; x_wconf 78' lang='lat' dir='ltr'>Quum</span> <span class='ocrx_word' id='word_1_183' title='bbox 904 2174 1102 2229; x_wconf 86' lang='lat' dir='ltr'>autem</span> <span class='ocrx_word' id='word_1_184' title='bbox 1145 2167 1344 2228; x_wconf 89' lang='lat' dir='ltr'>omnia</span> <span class='ocrx_word' id='word_1_185' title='bbox 1387 2165 1567 2228; x_wconf 88' lang='lat' dir='ltr'>unius</span> <span class='ocrx_word' id='word_1_186' title='bbox 1627 2166 1927 2228; x_wconf 88' lang='lat' dir='ltr'>voluntate</span> <span class='ocrx_word' id='word_1_187' title='bbox 1989 2185 2162 2245; x_wconf 88' lang='lat' dir='ltr'>rege-</span> 
     </span>
     <span class='ocr_line' id='line_1_25' title="bbox 249 2244 2163 2326; baseline 0.002 -21"><span class='ocrx_word' id='word_1_188' title='bbox 249 2252 485 2320; x_wconf 86' lang='lat' dir='ltr'>rentur,</span> <span class='ocrx_word' id='word_1_189' title='bbox 532 2244 684 2308; x_wconf 88' lang='lat' dir='ltr'>cives</span> <span class='ocrx_word' id='word_1_190' title='bbox 726 2263 848 2308; x_wconf 89' lang='lat' dir='ltr'>non</span> <span class='ocrx_word' id='word_1_191' title='bbox 889 2247 1007 2307; x_wconf 88' lang='lat' dir='ltr'>iam</span> <span class='ocrx_word' id='word_1_192' title='bbox 1037 2246 1393 2326; x_wconf 85' lang='lat' dir='ltr'>eloquentia,</span> <span class='ocrx_word' id='word_1_193' title='bbox 1430 2245 1530 2307; x_wconf 91' lang='lat' dir='ltr'>sed</span> <span class='ocrx_word' id='word_1_194' title='bbox 1560 2245 1998 2324; x_wconf 86' lang='lat' dir='ltr'>largitionibus,</span> <span class='ocrx_word' id='word_1_195' title='bbox 2032 2264 2163 2310; x_wconf 88' lang='lat' dir='ltr'>cor·</span> 
     </span>
     <span class='ocr_line' id='line_1_26' title="bbox 251 2324 2162 2404; baseline 0.002 -20"><span class='ocrx_word' id='word_1_196' title='bbox 251 2324 529 2404; x_wconf 87' lang='lat' dir='ltr'>ruptelis,</span> <span class='ocrx_word' id='word_1_197' title='bbox 574 2325 1099 2403; x_wconf 80' lang='lat' dir='ltr'>adsentationibuS‚</span> <span class='ocrx_word' id='word_1_198' title='bbox 1143 2325 1395 2404; x_wconf 89' lang='lat' dir='ltr'>aliisque</span> <span class='ocrx_word' id='word_1_199' title='bbox 1438 2324 1610 2386; x_wconf 89' lang='lat' dir='ltr'>malis</span> <span class='ocrx_word' id='word_1_200' title='bbox 1652 2325 1878 2387; x_wconf 89' lang='lat' dir='ltr'>artibus</span> <span class='ocrx_word' id='word_1_201' title='bbox 1907 2327 1979 2387; x_wconf 90' lang='lat' dir='ltr'>ad</span> <span class='ocrx_word' id='word_1_202' title='bbox 2008 2326 2162 2388; x_wconf 84' lang='lat' dir='ltr'>divi-</span> 
     </span>
     <span class='ocr_line' id='line_1_27' title="bbox 257 2403 2161 2484; baseline 0.002 -21"><span class='ocrx_word' id='word_1_203' title='bbox 257 2404 391 2482; x_wconf 75' lang='lat' dir='ltr'>tiaS,</span> <span class='ocrx_word' id='word_1_204' title='bbox 435 2404 507 2465; x_wconf 93' lang='lat' dir='ltr'>ad</span> <span class='ocrx_word' id='word_1_205' title='bbox 552 2410 922 2484; x_wconf 88' lang='lat' dir='ltr'>potestatem,</span> <span class='ocrx_word' id='word_1_206' title='bbox 968 2406 1039 2467; x_wconf 90' lang='lat' dir='ltr'>ad</span> <span class='ocrx_word' id='word_1_207' title='bbox 1095 2405 1345 2484; x_wconf 84' lang='lat' dir='ltr'>imperia</span> <span class='ocrx_word' id='word_1_208' title='bbox 1407 2403 1770 2467; x_wconf 77' lang='lat' dir='ltr'>nitebantur,</span> <span class='ocrx_word' id='word_1_209' title='bbox 1836 2403 2161 2476; x_wconf 90' lang='lat' dir='ltr'>Quominus</span> 
     </span>
     <span class='ocr_line' id='line_1_28' title="bbox 261 2480 2164 2564; baseline 0.002 -22"><span class='ocrx_word' id='word_1_210' title='bbox 261 2488 454 2546; x_wconf 87' lang='lat' dir='ltr'>tamen</span> <span class='ocrx_word' id='word_1_211' title='bbox 497 2484 831 2564; x_wconf 88' lang='lat' dir='ltr'>eloquentia</span> <span class='ocrx_word' id='word_1_212' title='bbox 873 2484 1067 2547; x_wconf 88' lang='lat' dir='ltr'>subito</span> <span class='ocrx_word' id='word_1_213' title='bbox 1109 2485 1344 2547; x_wconf 86' lang='lat' dir='ltr'>caderet</span> <span class='ocrx_word' id='word_1_214' title='bbox 1385 2489 1562 2562; x_wconf 87' lang='lat' dir='ltr'>atque</span> <span class='ocrx_word' id='word_1_215' title='bbox 1605 2484 1676 2544; x_wconf 92' lang='lat' dir='ltr'>ad</span> <span class='ocrx_word' id='word_1_216' title='bbox 1718 2480 1972 2545; x_wconf 89' lang='lat' dir='ltr'>nihilum</span> <span class='ocrx_word' id='word_1_217' title='bbox 2005 2485 2164 2545; x_wconf 89' lang='lat' dir='ltr'>veni-</span> 
     </span>
     <span class='ocr_line' id='line_1_29' title="bbox 258 2562 2161 2643; baseline 0.002 -22"><span class='ocrx_word' id='word_1_218' title='bbox 258 2570 368 2640; x_wconf 87' lang='lat' dir='ltr'>ret,</span> <span class='ocrx_word' id='word_1_219' title='bbox 413 2562 643 2626; x_wconf 88' lang='lat' dir='ltr'>obstitit</span> <span class='ocrx_word' id='word_1_220' title='bbox 681 2563 928 2642; x_wconf 85' lang='lat' dir='ltr'>Augusti</span> <span class='ocrx_word' id='word_1_221' title='bbox 972 2564 1295 2626; x_wconf 87' lang='lat' dir='ltr'>liberalitas</span> <span class='ocrx_word' id='word_1_222' title='bbox 1336 2568 1396 2624; x_wconf 91' lang='lat' dir='ltr'>et</span> <span class='ocrx_word' id='word_1_223' title='bbox 1438 2562 1920 2638; x_wconf 82' lang='lat' dir='ltr'>magnificentia3</span> <span class='ocrx_word' id='word_1_224' title='bbox 1975 2579 2161 2643; x_wconf 92' lang='lat' dir='ltr'>eoque</span> 
     </span>
     <span class='ocr_line' id='line_1_30' title="bbox 259 2641 2162 2723; baseline 0.001 -22"><span class='ocrx_word' id='word_1_225' title='bbox 259 2642 607 2723; x_wconf 86' lang='lat' dir='ltr'>imperante,</span> <span class='ocrx_word' id='word_1_226' title='bbox 655 2643 881 2723; x_wconf 85' lang='lat' dir='ltr'>aliquot</span> <span class='ocrx_word' id='word_1_227' title='bbox 921 2643 1100 2706; x_wconf 88' lang='lat' dir='ltr'>etiam</span> <span class='ocrx_word' id='word_1_228' title='bbox 1143 2644 1390 2706; x_wconf 79' lang='lat' dir='ltr'>fuerunt</span> <span class='ocrx_word' id='word_1_229' title='bbox 1429 2641 1679 2719; x_wconf 89' lang='lat' dir='ltr'>insignis</span> <span class='ocrx_word' id='word_1_230' title='bbox 1709 2641 2021 2704; x_wconf 84' lang='lat' dir='ltr'>facundiae</span> <span class='ocrx_word' id='word_1_231' title='bbox 2051 2641 2162 2703; x_wconf 87' lang='lat' dir='ltr'>viri</span> 
     </span>
    </p>
   </div>
   <div class='ocr_carea' id='block_1_3' title="bbox 238 2819 2168 3441">
    <p class='ocr_par' dir='ltr' id='par_1_5' title="bbox 320 2819 1455 2882">
     <span class='ocr_line' id='line_1_31' title="bbox 320 2819 1455 2882; baseline -0.001 -12"><span class='ocrx_word' id='word_1_232' title='bbox 320 2822 383 2879; x_wconf 90' lang='lat'>(1)</span> <span class='ocrx_word' id='word_1_233' title='bbox 420 2820 579 2880; x_wconf 68' lang='lat' dir='ltr'>thid„</span> <span class='ocrx_word' id='word_1_234' title='bbox 613 2832 772 2872; x_wconf 76' lang='lat' dir='ltr'>Lxxx.</span> <span class='ocrx_word' id='word_1_235' title='bbox 807 2847 870 2855; x_wconf 90' lang='lat'>—-</span> <span class='ocrx_word' id='word_1_236' title='bbox 903 2819 978 2871; x_wconf 84' lang='lat' dir='ltr'>cf.</span> <span class='ocrx_word' id='word_1_237' title='bbox 1015 2820 1285 2882; x_wconf 70' lang='lat' dir='ltr'>Qum&#39;rin„</span> <span class='ocrx_word' id='word_1_238' title='bbox 1319 2830 1374 2881; x_wconf 86' lang='lat' dir='ltr'>x,</span> <span class='ocrx_word' id='word_1_239' title='bbox 1413 2824 1455 2869; x_wconf 91' lang='grc'>1.</span> 
     </span>
    </p>

    <p class='ocr_par' dir='ltr' id='par_1_6' title="bbox 238 2881 2168 3317">
     <span class='ocr_line' id='line_1_32' title="bbox 319 2881 1250 2944; baseline -0.001 -11"><span class='ocrx_word' id='word_1_240' title='bbox 319 2885 385 2939; x_wconf 80' lang='grc'>(2)</span> <span class='ocrx_word' id='word_1_241' title='bbox 418 2881 574 2944; x_wconf 82' lang='lat' dir='ltr'>Apud</span> <span class='ocrx_word' id='word_1_242' title='bbox 609 2882 771 2933; x_wconf 74' lang='lat' dir='ltr'>Tum..</span> <span class='ocrx_word' id='word_1_243' title='bbox 807 2882 864 2932; x_wconf 90' lang='lat' dir='ltr'>in</span> <span class='ocrx_word' id='word_1_244' title='bbox 899 2883 1066 2942; x_wconf 69' lang='lat' dir='ltr'>Brut,</span> <span class='ocrx_word' id='word_1_245' title='bbox 1101 2883 1250 2933; x_wconf 73' lang='lat' dir='ltr'><strong>Lxxl.</strong></span> 
     </span>
     <span class='ocr_line' id='line_1_33' title="bbox 238 2939 2161 3014; baseline -0.001 -21"><span class='ocrx_word' id='word_1_246' title='bbox 238 2970 245 2977; x_wconf 94' lang='lat'><strong>·</strong></span> <span class='ocrx_word' id='word_1_247' title='bbox 322 2946 385 3000; x_wconf 87' lang='grc'>(3)</span> <span class='ocrx_word' id='word_1_248' title='bbox 420 2944 580 3006; x_wconf 63' lang='lat' dir='ltr'>lnid„</span> <span class='ocrx_word' id='word_1_249' title='bbox 613 2944 786 3005; x_wconf 46' lang='lat' dir='ltr'>mxxii.</span> <span class='ocrx_word' id='word_1_250' title='bbox 819 2970 880 2978; x_wconf 93' lang='lat'>—</span> <span class='ocrx_word' id='word_1_251' title='bbox 914 2943 1147 3003; x_wconf 68' lang='lat' dir='ltr'>Quium.</span> <span class='ocrx_word' id='word_1_252' title='bbox 1170 2982 1184 3003; x_wconf 91' lang='lat'>,</span> <span class='ocrx_word' id='word_1_253' title='bbox 1221 2944 1299 2993; x_wconf 89' lang='lat' dir='ltr'>De</span> <span class='ocrx_word' id='word_1_254' title='bbox 1330 2943 1459 2994; x_wconf 81' lang='lat' dir='ltr'>inst.</span> <span class='ocrx_word' id='word_1_255' title='bbox 1495 2942 1654 3014; x_wconf 65' lang='lat' dir='ltr'>orat„</span> <span class='ocrx_word' id='word_1_256' title='bbox 1688 2952 1741 3002; x_wconf 85' lang='lat' dir='ltr'>x,</span> <span class='ocrx_word' id='word_1_257' title='bbox 1783 2946 1826 3002; x_wconf 90' lang='lat'>1,</span> <span class='ocrx_word' id='word_1_258' title='bbox 1864 2945 1986 3014; x_wconf 63' lang='lat'>144:</span> <span class='ocrx_word' id='word_1_259' title='bbox 2023 2941 2079 2992; x_wconf 88' lang='lat' dir='ltr'>Si</span> <span class='ocrx_word' id='word_1_260' title='bbox 2106 2939 2161 2992; x_wconf 87' lang='lat' dir='ltr'>C.</span> 
     </span>
     <span class='ocr_line' id='line_1_34' title="bbox 258 3003 2168 3069; baseline -0.001 -14"><span class='ocrx_word' id='word_1_261' title='bbox 258 3004 476 3065; x_wconf 84' lang='lat' dir='ltr'>Caesar,</span> <span class='ocrx_word' id='word_1_262' title='bbox 510 3007 602 3067; x_wconf 83' lang='lat' dir='ltr'>ait,</span> <span class='ocrx_word' id='word_1_263' title='bbox 627 3006 758 3069; x_wconf 47' lang='lat' dir='ltr'>,foro</span> <span class='ocrx_word' id='word_1_264' title='bbox 790 3009 1001 3057; x_wconf 82' lang='lat' dir='ltr'>tantum</span> <span class='ocrx_word' id='word_1_265' title='bbox 1033 3008 1296 3067; x_wconf 85' lang='lat' dir='ltr'>vacasset,</span> <span class='ocrx_word' id='word_1_266' title='bbox 1329 3015 1441 3056; x_wconf 90' lang='lat' dir='ltr'>non</span> <span class='ocrx_word' id='word_1_267' title='bbox 1474 3003 1616 3054; x_wconf 80' lang='lat' dir='ltr'>alius</span> <span class='ocrx_word' id='word_1_268' title='bbox 1651 3014 1718 3054; x_wconf 84' lang='lat' dir='ltr'>ex</span> <span class='ocrx_word' id='word_1_269' title='bbox 1754 3007 1956 3054; x_wconf 80' lang='lat' dir='ltr'>nostris</span> <span class='ocrx_word' id='word_1_270' title='bbox 1978 3008 2168 3057; x_wconf 81' lang='lat' dir='ltr'>contra</span> 
     </span>
     <span class='ocr_line' id='line_1_35' title="bbox 259 3064 2168 3135; baseline -0.002 -18"><span class='ocrx_word' id='word_1_271' title='bbox 259 3068 581 3118; x_wconf 85' lang='lat' dir='ltr'>Ciceronem</span> <span class='ocrx_word' id='word_1_272' title='bbox 613 3067 1020 3128; x_wconf 85' lang='lat' dir='ltr'>nominaretur;</span> <span class='ocrx_word' id='word_1_273' title='bbox 1054 3070 1206 3116; x_wconf 84' lang='lat' dir='ltr'>tanta</span> <span class='ocrx_word' id='word_1_274' title='bbox 1238 3067 1294 3117; x_wconf 91' lang='lat' dir='ltr'>in</span> <span class='ocrx_word' id='word_1_275' title='bbox 1329 3077 1397 3116; x_wconf 89' lang='lat' dir='ltr'>eo</span> <span class='ocrx_word' id='word_1_276' title='bbox 1429 3066 1517 3116; x_wconf 83' lang='lat' dir='ltr'>vis</span> <span class='ocrx_word' id='word_1_277' title='bbox 1552 3069 1655 3127; x_wconf 88' lang='lat' dir='ltr'>est,</span> <span class='ocrx_word' id='word_1_278' title='bbox 1692 3064 1746 3117; x_wconf 91' lang='lat' dir='ltr'>id</span> <span class='ocrx_word' id='word_1_279' title='bbox 1790 3074 2049 3135; x_wconf 84' lang='lat' dir='ltr'>acumen.</span> <span class='ocrx_word' id='word_1_280' title='bbox 2102 3074 2168 3114; x_wconf 82' lang='lat' dir='ltr'>ea</span> 
     </span>
     <span class='ocr_line' id='line_1_36' title="bbox 257 3126 2168 3189; baseline -0.003 -10"><span class='ocrx_word' id='word_1_281' title='bbox 257 3129 572 3189; x_wconf 65' lang='lat' dir='ltr'>concitam,</span> <span class='ocrx_word' id='word_1_282' title='bbox 606 3133 667 3180; x_wconf 90' lang='lat' dir='ltr'>ut</span> <span class='ocrx_word' id='word_1_283' title='bbox 699 3129 859 3180; x_wconf 87' lang='lat' dir='ltr'>illum</span> <span class='ocrx_word' id='word_1_284' title='bbox 893 3128 1085 3179; x_wconf 89' lang='lat' dir='ltr'>eodem</span> <span class='ocrx_word' id='word_1_285' title='bbox 1118 3129 1301 3179; x_wconf 85' lang='lat' dir='ltr'>animo</span> <span class='ocrx_word' id='word_1_286' title='bbox 1336 3126 1563 3188; x_wconf 83' lang='lat' dir='ltr'>dixisse,</span> <span class='ocrx_word' id='word_1_287' title='bbox 1598 3131 1705 3188; x_wconf 84' lang='lat' dir='ltr'>quo</span> <span class='ocrx_word' id='word_1_288' title='bbox 1737 3127 1982 3186; x_wconf 82' lang='lat' dir='ltr'>bellavit,</span> <span class='ocrx_word' id='word_1_289' title='bbox 2006 3135 2168 3188; x_wconf 85' lang='lat' dir='ltr'>appa-</span> 
     </span>
     <span class='ocr_line' id='line_1_37' title="bbox 258 3186 2167 3260; baseline -0.002 -19"><span class='ocrx_word' id='word_1_290' title='bbox 258 3195 397 3241; x_wconf 82' lang='lat' dir='ltr'>reat.</span> <span class='ocrx_word' id='word_1_291' title='bbox 430 3216 494 3225; x_wconf 91' lang='lat'><em>-</em></span> <span class='ocrx_word' id='word_1_292' title='bbox 524 3191 731 3242; x_wconf 85' lang='lat' dir='ltr'>Novem</span> <span class='ocrx_word' id='word_1_293' title='bbox 766 3191 1050 3254; x_wconf 87' lang='lat' dir='ltr'>praecipue</span> <span class='ocrx_word' id='word_1_294' title='bbox 1084 3189 1329 3260; x_wconf 34' lang='lat' dir='ltr'>Caesar-is</span> <span class='ocrx_word' id='word_1_295' title='bbox 1371 3190 1646 3255; x_wconf 86' lang='lat' dir='ltr'>orationes</span> <span class='ocrx_word' id='word_1_296' title='bbox 1697 3187 2044 3247; x_wconf 83' lang='lat' dir='ltr'>ferebantur;</span> <span class='ocrx_word' id='word_1_297' title='bbox 2098 3186 2167 3238; x_wconf 82' lang='lat' dir='ltr'>de</span> 
     </span>
     <span class='ocr_line' id='line_1_38' title="bbox 258 3251 1688 3317; baseline -0.001 -13"><span class='ocrx_word' id='word_1_298' title='bbox 258 3251 464 3317; x_wconf 85' lang='lat' dir='ltr'>quihus</span> <span class='ocrx_word' id='word_1_299' title='bbox 493 3254 622 3304; x_wconf 83' lang='lat' dir='ltr'>vide</span> <span class='ocrx_word' id='word_1_300' title='bbox 656 3254 898 3314; x_wconf 67' lang='lat' dir='ltr'>FAnmc„</span> <span class='ocrx_word' id='word_1_301' title='bbox 933 3253 1067 3303; x_wconf 86' lang='lat' dir='ltr'>Bibl.</span> <span class='ocrx_word' id='word_1_302' title='bbox 1104 3253 1216 3312; x_wconf 73' lang='lat' dir='ltr'>lat,</span> <span class='ocrx_word' id='word_1_303' title='bbox 1252 3251 1347 3301; x_wconf 78' lang='lat' dir='ltr'>lib.</span> <span class='ocrx_word' id='word_1_304' title='bbox 1382 3251 1427 3313; x_wconf 89' lang='lat' dir='ltr'>I,</span> <span class='ocrx_word' id='word_1_305' title='bbox 1461 3262 1575 3315; x_wconf 86' lang='lat' dir='ltr'>cap.</span> <span class='ocrx_word' id='word_1_306' title='bbox 1612 3254 1688 3303; x_wconf 85' lang='lat'>10.</span> 
     </span>
    </p>

    <p class='ocr_par' dir='ltr' id='par_1_7' title="bbox 325 3313 1411 3373">
     <span class='ocr_line' id='line_1_39' title="bbox 325 3313 1411 3373; baseline 0 -10"><span class='ocrx_word' id='word_1_307' title='bbox 325 3317 391 3373; x_wconf 75' lang='grc'>(4)</span> <span class='ocrx_word' id='word_1_308' title='bbox 428 3315 490 3364; x_wconf 86' lang='lat' dir='ltr'>ln</span> <span class='ocrx_word' id='word_1_309' title='bbox 525 3315 691 3373; x_wconf 78' lang='lat' dir='ltr'>Brut..</span> <span class='ocrx_word' id='word_1_310' title='bbox 725 3316 894 3368; x_wconf 81' lang='lat' dir='ltr'>xcvii.</span> <span class='ocrx_word' id='word_1_311' title='bbox 929 3340 992 3352; x_wconf 91' lang='lat'><em>-</em></span> <span class='ocrx_word' id='word_1_312' title='bbox 1024 3313 1240 3373; x_wconf 69' lang='lat' dir='ltr'>Qumr„</span> <span class='ocrx_word' id='word_1_313' title='bbox 1273 3324 1328 3373; x_wconf 79' lang='lat' dir='ltr'>x,</span> <span class='ocrx_word' id='word_1_314' title='bbox 1367 3316 1411 3363; x_wconf 85' lang='lat'>1.</span> 
     </span>
    </p>

    <p class='ocr_par' dir='ltr' id='par_1_8' title="bbox 326 3373 1610 3441">
     <span class='ocr_line' id='line_1_40' title="bbox 326 3373 1610 3441; baseline 0.001 -17"><span class='ocrx_word' id='word_1_315' title='bbox 326 3378 391 3436; x_wconf 66' lang='grc' dir='ltr'>ιδ)</span> <span class='ocrx_word' id='word_1_316' title='bbox 419 3374 634 3431; x_wconf 78' lang='lat' dir='ltr'>Tuscul.</span> <span class='ocrx_word' id='word_1_317' title='bbox 669 3377 890 3441; x_wconf 68' lang='lat' dir='ltr'>disput„</span> <span class='ocrx_word' id='word_1_318' title='bbox 927 3377 992 3438; x_wconf 86' lang='lat'>11,</span> <span class='ocrx_word' id='word_1_319' title='bbox 1026 3381 1088 3438; x_wconf 73' lang='lat'>23</span> <span class='ocrx_word' id='word_1_320' title='bbox 1125 3377 1204 3441; x_wconf 83' lang='lat' dir='ltr'>De</span> <span class='ocrx_word' id='word_1_321' title='bbox 1236 3373 1397 3437; x_wconf 81' lang='lat' dir='ltr'>offic..</span> <span class='ocrx_word' id='word_1_322' title='bbox 1433 3375 1500 3434; x_wconf 83' lang='lat'>11,</span> <span class='ocrx_word' id='word_1_323' title='bbox 1537 3378 1610 3426; x_wconf 84' lang='grc'>19.</span> 
     </span>
    </p>
   </div>
  </div>
 </body>
</html>
