2673 4295
544 283 659 347 130
1207 300 1520 348 insi-onus
1561 298 1831 346 cmi-iou

1428 418 1560 497 53-
1853 497 1858 502 ,

1106 551 1258 612 Titus
1301 550 1597 611 Petronius
1599 551 1895 733 fan-ter·

1475 680 1600 732 x
1639 643 1688 732 ι’

1693 631 1905 740 Aram
1971 718 1973 720 »

615 743 665 803 Α
706 742 909 805 Persio
951 750 1009 804 et
1037 742 1310 804 Iuvenale
1341 743 2060 820 recedens*,‘x,varronianae
2090 752 2176 805 sat
2219 762 2321 806 rae
2348 745 2453 825 (1)

536 839 654 884 non
697 822 1044 883 dissimilem
1089 823 1324 901 scripsit
1371 822 1658 884 Petronius
1700 824 1960 896 Arbiter,
2008 824 2182 884 massi
2215 825 2399 886 iensis
2428 872 2446 904 ,

536 902 795 981 equestri
836 913 1052 979 genere
1083 910 1276 962 natus.
1311 900 1419 964 Hic
1450 903 2073 981 proconsul,primum
2105 902 2446 983 Bithyniae,

535 990 595 1043 et
638 998 772 1043 mox
813 981 1015 1042 consul
1059 980 1349 1059 vigentem
1394 1001 1456 1043 se
1498 1000 1565 1043 ac
1608 999 1808 1060 parem
1853 982 2103 1058 negotiis
2158 984 2443 1045 ostendit.

534 1059 681 1121 Dein
722 1060 1021 1122 revolutus
1063 1061 1134 1121 ad
1178 1060 1341 1136 vitia,
1371 1060 1528 1121 inter
1558 1079 1775 1140 paucos
1807 1061 2187 1121 familiarium
2219 1061 2446 1124 Neroni

535 1141 882 1219 adsumptus
911 1148 995 1201 est
1023 1140 1350 1217 elegantiae
1378 1139 1600 1200 arbiter
1627 1141 1744 1219 (2).
1774 1139 2029 1201 Tandem
2059 1158 2220 1212 vere,
2254 1161 2444 1220 quum

530 1218 754 1280 invidia
792 1218 1094 1296 Tigellini,
1138 1219 1427 1298 principis
1467 1220 1653 1296 gratia
1699 1220 2027 1297 excidisset,
2073 1222 2247 1281 sectis
2275 1223 2446 1283 venis

534 1297 715 1359 vitam
759 1297 970 1358 finivit.
1624 1343 1632 1355 .

614 1376 813 1438 Exstat
853 1376 1115 1438 Petronii
1156 1374 1475 1456 Satyricon,
1517 1376 1669 1438 liber
1710 1378 1936 1457 poetica
1980 1385 2037 1440 et
2079 1395 2251 1462 prosa
2308 1396 2450 1439 ora-

533 1457 696 1517 tione
759 1456 1159 1536 conscriptus,
1223 1456 1325 1518 sed
1382 1455 1628 1518 mutilus
1670 1465 1727 1519 et
1767 1457 2170 1528 detruncatus
2215 1458 2277 1517 in
2322 1476 2448 1537 quo

532 1535 625 1598 sui
672 1535 951 1614 temporis
994 1535 1226 1615 probra,
1273 1542 1332 1597 et
1372 1534 1621 1598 Neronis
1663 1538 2008 1616 praesertim
2067 1536 2283 1619 flagitia
2327 1538 2446 1599 sub

531 1614 875 1676 nominibus
937 1615 1297 1677 exoletorum
1361 1614 1836 1693 feminarumque
1891 1618 2135 1677 notavit.
2183 1615 2275 1693 Et,
2323 1618 2446 1679 nisi

531 1695 812 1756 castiores
853 1711 1028 1755 aures
1069 1712 1269 1756 rerum
1319 1693 1678 1756 obscenitate
1741 1694 2178 1756 offenderentur
2204 1743 2220 1771 ,
2283 1695 2445 1757 nihil

532 1774 779 1836 fortasse
840 1773 1146 1835 venustius
1211 1782 1362 1835 esset
1419 1774 1532 1847 ⁸hac
1593 1774 1855 1835 Petronii
1911 1774 2125 1852 opella,
2169 1775 2233 1835 in
2275 1794 2390 1853 qua
2422 1824 2441 1853 ‚

531 1852 684 1931 aptis
725 1853 969 1915 omnino
1011 1851 1204 1914 verbis
1241 1852 1545 1932 multoque
1576 1853 1871 1922 acumine,
1903 1853 2208 1914 hominum
2243 1872 2444 1917 mores

530 1940 587 1994 et
632 1932 865 2009 ingenia
908 1932 1348 2007 describuntur,
1393 1950 1580 2011 eaque
1621 1931 1896 1994 dictionis
1939 1932 2225 2008 elegantia
2262 1934 2438 2011 nitet,

529 2029 707 2103 quam
750 2011 813 2071 in
842 2011 1102 2171 {giqms
1145 2019 1456 2090 argenteae
1501 2013 1711 2075 aetatis
1764 2012 2152 2092 scriptoribus
2212 2014 2440 2075 frustra

528 2108 801 2170 requiras
945 2135 961 2152 .
1885 2117 1888 2120 “

527 2272 827 2324 invehitur.
859 2273 1052 2324 Nobile
1084 2273 1308 2324 huiusce
1343 2274 1591 2326 mulieris
1624 2274 1904 2335 ingenium
1938 2274 2210 2337 fidemque
2242 2275 2297 2325 in
2319 2286 2441 2326 ma—

526 2334 694 2384 ritum
728 2334 912 2386 laudat
944 2335 1226 2386 Martialis,
1260 2336 1585 2398 Epigmxil,
1610 2339 1690 2395 35,
1724 2340 1800 2387 38.
1825 2361 1887 2371 -
1909 2338 1984 2388 De
2007 2337 2232 2398 reliquis
2254 2337 2438 2398 poetis

527 2395 797 2458 satyricis,
831 2402 1065 2459 quorum
1107 2407 1274 2458 opera
1316 2399 1743 2458 interciderunt,
1781 2397 1833 2450 V.
1879 2399 2247 2457 Vssnnsnonr„
2280 2398 2438 2450 Poet.

526 2458 620 2509 lat.
646 2459 800 2519 min..
830 2464 962 2510 torn.
997 2458 1086 2508 111.
1125 2459 1247 2510 «De
1283 2459 1465 2512 Poetis
1498 2459 1590 2510 Iat.
1626 2462 1857 2522 satyr.,»
1892 2472 1943 2524 p.
1967 2471 2057 2511 xv.
2083 2461 2436 2522 —Rurssn‘ri,

498 2518 830 2581 .Prolegom.
865 2520 930 2570 ad
960 2521 1177 2578 iuven„
1210 2525 1344 2572 tom.
1383 2522 1424 2581 1,
1459 2533 1510 2583 p.
1546 2532 1671 2572 Lxx.

544 2634 548 2639 ,
585 2581 651 2641 (l)
686 2581 1048 2634 varronianae
1080 2586 1290 2653 satyjzae
1324 2594 1350 2633 s
1392 2582 1799 2635 ecimenthahes
1833 2584 1998 2634 etiam
2032 2585 2087 2636 in
2121 2583 2179 2634 L.
2224 2582 2438 2659 A,nnaei

524 2643 764 2715 Senecae
798 2644 1188 2706 scriptiuncula
1217 2654 1340 2694 mor
1380 2646 1663 2705 acissima,
1717 2655 1855 2706 quae
1889 2645 2204 2697 inscribitur
2236 2656 2440 2698 αποκο-

524 2695 838 2764 tommo-14
883 2709 1003 2757 sive
1056 2699 1239 2772 Ludus
1287 2706 1347 2757 in
1396 2710 1630 2758 mortem
1681 2707 2032 2767 imperatoris
2086 2706 2318 2759 Claudii.
2375 2733 2439 2745 -

525 2767 583 2817 V.
618 2769 674 2820 L.
711 2770 770 2820 A.
805 2770 1002 2819 Snnnc.
1027 2807 1040 2829 ,
1091 2754 1322 2837 ἀφκὸἶζ
1341 2807 1353 2828 ,
1388 2769 1506 2818 sive
1540 2767 1670 2820 Lud.
1707 2768 1763 2818 in
1799 2772 1962 2819 mort.
2006 2769 2072 2821 cl.
2121 2768 2372 2822 Caesaris
2405 2781 2441 2821 a

526 2828 616 2881 Fr.
651 2830 892 2889 Eugenio
927 2826 1387 2889 Guascoziiiustr„
1421 2830 1680 2880 Vercellis
1717 2830 1853 2885 1787.
1888 2830 2046 2884 in-40.
2370 2888 2376 2893 ,

588 2891 650 2950 (2)
686 2886 890 2952 Timr„
921 2891 1137 2954 Annal.,
1159 2893 1278 2950 xvi,
1305 2895 1365 2942 18
1386 2895 1440 2942 et
1460 2901 1605 2953 seqq.
1628 2916 1690 2926 —
1712 2891 1851 2941 Sunt
1871 2893 1962 2952 qui
1985 2893 2061 2942 ita
2092 2892 2433 2955 existiment,

525 2951 843 3004 Petronium
876 2955 1190 3014 satyricum,
1226 2953 1461 3003 eundem
1494 2964 1605 3004 non
1638 2963 1776 3013 esse,
1812 2952 1878 3003 de
1920 2965 2028 3015 quo
2076 2953 2165 3005 hic
2208 2953 2441 3007 disserit

434 3050 439 3057 .
527 3012 763 3076 Tacitus,
799 3014 1023 3076 eiusque
1044 3013 1276 3067 aetatem
1297 3014 1365 3065 ad
1389 3015 1749 3076 principatum
1774 3014 2000 3066 Gallieni
2023 3016 2110 3067 vel
2131 3016 2439 3068 Antonino·

525 3086 650 3128 rum
683 3077 949 3128 reiiciant.
985 3077 1090 3128 Sed
1127 3077 1251 3129 Cn.
1288 3077 1619 3128 Ian-nannius
1653 3078 1707 3127 in
1745 3076 1972 3128 Dissert.
2020 3078 2086 3127 111
2137 3077 2204 3127 ad
2248 3080 2436 3132 Perot.

527 3138 649 3188 cod.
682 3148 784 3189 ms,
826 3137 1030 3199 Neap.,
1080 3143 1136 3189 et
1184 3138 1394 3189 Gasima
1447 3140 1721 3196 osismus
1770 3139 1827 3188 in
1875 3137 2094 3191 Collect.
2144 3141 2436 3202 inscript..

526 3199 586 3249 n·
623 3200 762 3260 1175,
796 3209 913 3250 rem
947 3201 1260 3261 expediunt,
1285 3204 1338 3251 et
1360 3201 1500 3261 aptis
1523 3203 1855 3260 argumentis
1879 3199 2217 3261 confirmant,
2246 3201 2440 3254 Petro-

527 3261 684 3312 nium
717 3260 862 3311 hunc
895 3265 1144 3312 nostrum
1178 3263 1395 3323 poetam
1427 3262 1529 3312 suh
1561 3261 1788 3313 Claudio
1811 3264 1868 3313 et
1902 3261 2116 3314 Nerone
2152 3262 2436 3320 floruisse.

591 3323 655 3382 (3)
690 3321 745 3372 V.
781 3321 955 3373 Huius
989 3322 1114 3373 hist.
1151 3323 1244 3374 lib.
1279 3334 1355 3384 iv,
1389 3336 1436 3376 c.
1468 3325 1519 3383 ’1,
1554 3327 1667 3374 not.
1700 3327 1748 3375 2.
