2673 4295
549 323 661 387 ¹36
950 307 953 310 ¹
1189 336 1503 388 msronun
1544 336 1815 383 camum

540 428 734 519 doque
775 437 1081 502 delirasse.
1117 438 1278 511 Quae
1308 455 1665 516 quamquam
1698 434 1967 498 acerbius
1996 435 2213 515 scripta
2244 434 2460 498 viden-

540 524 661 595 tur,
705 536 825 581 non
869 526 1065 581 tamen
1106 518 1234 581 sine
1278 536 1476 578 causa.
1518 516 1666 577 Illud
1699 516 1855 579 enim
1886 515 2189 577 verissime
2218 514 2457 580 dictum

539 606 650 671 est,
676 616 950 659 romanas
972 598 1199 660 litteras
1221 596 1293 657 ab
1310 595 1572 674 hispanis
1589 596 1843 674 primum
1862 595 2248 674 scriptoribus
2264 595 2460 660 fuisse

537 677 790 739 vitiatas.
838 678 997 739 Inter
1019 694 1166 755 quos
1207 675 1489 737 Martialis
1532 677 1897 755 praesertim,
1928 683 2172 766 uterque
2195 673 2461 755 Seneca,

536 755 807 818 Lucanus
847 764 906 819 et
946 756 1158 818 Florus
1199 756 1294 818 hic
1335 762 1536 817 noster
1577 761 1716 816 sunt
1757 755 2123 817 recensendi.
2183 753 2461 833 Quapro—

473 877 476 886 .
536 843 665 915 pter
707 836 854 897 mihi
895 842 1053 898 recte
1094 835 1166 896 de
1208 835 1383 896 Floro
1427 835 1689 896 iudicare
1733 833 2031 903 videntur,
2083 833 2184 912 qui
2230 834 2454 911 aiunt,

530 915 838 995 scripsisse
880 913 1049 975 illum
1078 915 1310 979 diserta
1368 914 1604 992 quidem
1650 921 1708 975 et
1749 921 1953 990 arguta
1998 913 2254 975 dictione
2282 962 2297 987 ‚
2346 915 2460 976 sed

531 1012 685 1073 quae
728 993 1022 1055 interdum
1055 1001 1260 1073 poetae
1288 1042 1304 1071 ‚
1351 992 1645 1055 interdum
1677 992 2059 1054 declamatori
2089 992 2458 1055 convenien-

531 1074 649 1134 tior
670 1073 748 1134 sit
790 1091 965 1151 quam
990 1073 1269 1135 historico
1291 1072 1387 1150 (1)
1415 1093 1430 1146 ;
1477 1076 1556 1133 ita
1598 1073 1860 1134 solemne
1884 1069 1937 1133 ei
1961 1074 2281 1141 sententias
2306 1089 2460 1135 acu-

529 1152 690 1215 mine
732 1152 1031 1228 claudere,
1076 1160 1133 1214 et
1174 1151 1506 1232 splendoris
1548 1150 1735 1229 magis
1765 1170 1942 1230 quam
1971 1151 2234 1213 veritatis
2264 1153 2458 1215 ratio-

528 1249 664 1293 nem
710 1230 948 1293 habere.

607 1308 694 1371 Ad
736 1309 1049 1372 interiores
1089 1317 1288 1372 autem
1333 1308 1568 1370 floriani
1610 1308 1808 1388 operis
1851 1315 2046 1390 partes
2090 1310 2246 1388 quod
2302 1329 2452 1390 spe-

526 1394 666 1463 ctat,
713 1390 998 1451 nonnulla
1043 1388 1221 1451 etiam
1264 1407 1296 1449 a
1341 1388 1563 1451 criticis
1607 1388 1824 1468 passim
1869 1389 2446 1468 reprehenduntur:

526 1468 874 1547 praesertim
917 1486 1054 1530 vero
1096 1469 1253 1547 quod
1294 1476 1496 1531 noster
1541 1476 1871 1547 temporum
1916 1477 1973 1530 et
2015 1468 2280 1531 locorum
2334 1487 2450 1531 no-

525 1546 808 1609 tationem
851 1549 1245 1627 negligentius
1286 1557 1377 1610 est
1419 1556 1787 1627 persecutuS‚
1832 1566 2026 1626 neque
2068 1549 2218 1610 sacta
2263 1548 2454 1611 dictis

521 1628 890 1706 exaequavit.
937 1628 1200 1706 Namque
1256 1628 1479 1689 nimius
1541 1627 1839 1690 interdum
1904 1628 1974 1688 in*
2032 1628 2448 1690 Romanorum

521 1705 738 1769 virtute
780 1707 1133 1779 extollenda,
1179 1707 1436 1769 hostium
1480 1706 1729 1784 gloriam
1774 1714 1831 1768 et
1885 1725 1979 1768 res
2042 1715 2235 1785 gestas
2295 1709 2448 1770 satis

523 1786 750 1866 amplas
790 1794 848 1849 et
890 1787 1232 1864 magnificas
1274 1785 1572 1847 obscurat.
1613 1786 1777 1864 ‚Quae
1808 1793 2003 1848 tamen
2034 1786 2173 1846 vitia
2208 1789 2447 1865 magnis

522 1873 662 1926 sunt
715 1866 1025 1928 emendata
1075 1864 1416 1926 virtutibus.
1469 1864 1661 1937 Quum
1712 1864 1868 1929 enim
1932 1864 2239 1944 complura
2310 1866 2445 1928 ele-

519 1945 729 2021 ganter
755 1992 771 2020 ‚
816 1944 1140 2024 composite
1183 1953 1359 2022 atque
1401 1945 1704 2023 ingeniose
1747 1946 1806 2005 in
1852 1945 1963 2006 hac
2003 1946 2276 2022 epitome·
2316 1945 2444 2007 sint

520 2024 894 2103 conscripta3
941 2033 1066 2085 tum
1112 2023 1606 2102 prudentissimus
1650 2024 1966 2087 historicus
2007 2023 2291 2086 dicendus
2346 2036 2446 2087 est

517 2110 742 2180 noster,
766 2118 951 2181 quum
981 2103 1338 2166 seditionum
1364 2111 1466 2164 aut
1496 2106 1843 2166 immutatae
1872 2103 2235 2184 reipublicae
2264 2121 2446 2168 caus-

516 2200 613 2243 sas
655 2183 867 2262 aperit.
914 2184 1222 2245 Praeterea
1266 2183 1357 2243 vir
1398 2184 1571 2263 plane
1613 2184 1934 2261 singularis
1977 2183 2221 2246 cuilibet
2273 2185 2444 2247 vide-

518 2259 682 2321 bitur
722 2261 1141 2338 consideranti,
1185 2281 1364 2342 quam
1409 2263 1680 2325 sollerter
1723 2262 2119 2324 minutissima
2164 2281 2439 2343 quaeque

518 2348 893 2418 aspernatuS,
938 2360 1124 2420 eaque
1168 2347 1398 2402 tantum
1436 2343 1716 2414 notando,
1750 2361 1901 2421 quae
1932 2344 2217 2405 memoria
2252 2343 2442 2422 potis-

518 2418 736 2480 simum
779 2419 955 2499 digna
999 2421 1364 2495 viderentur,
1411 2420 1780 2483 ieiunitatem
1828 2421 2049 2501 pariter
2098 2428 2274 2501 atque
2329 2421 2441 2484 ob-

515 2499 860 2562 scuritatem
894 2501 1176 2580 *effugerit
1218 2501 1278 2561 in
1323 2519 1502 2580 opere
1548 2508 1660 2562 tam
1694 2501 2135 2584 compendioso,
2168 2502 2325 2582 quod
2357 2503 2437 2565 ad

516 2579 918 2659 septingentos
958 2588 1018 2645 et
1059 2580 1316 2660 amplius
1359 2598 1547 2643 annos
1588 2581 1871 2662 pertinet.

1406 2755 1435 2834 5
1478 2756 1539 2816 2.

1052 2887 1218 2950 Caius
1271 2886 1504 2948 Velleius
1547 2887 1897 2949 PaterculuS.

602 3034 666 3097 C.
725 3030 958 3098 Velleius
1004 3037 1347 3111 paterculus,
1393 3037 1635 3099 Aeclani
1680 3044 1853 3098 natus
1894 3037 1956 3097 in
2000 3035 2265 3114 Hirpinis
2308 3036 2427 3118 (2),

513 3132 672 3190 anno
715 3115 880 3177 urbis
921 3116 1190 3178 conditae
1233 3133 1511 3194 ncoxxxV,
1577 3116 1692 3177 fuit
1729 3123 1878 3177 -tum
1940 3126 2186 3196 paterno
2215 3165 2229 3193 ,
2301 3123 2434 3180 tum

496 3290 501 3296 ’
576 3299 642 3358 ⁴1>
677 3297 729 3349 V.
767 3299 992 3358 But-rm,
1030 3298 1339 3362 Adversar..
1373 3313 1457 3359 Lx.
1492 3302 1541 3353 ’1.

626 3366 641 3419 )
677 3359 730 3412 Y.
765 3360 1019 3421 Guttam..
1052 3361 1307 3414 Ricerche
1339 3363 1396 3414 di
1427 3362 1660 3423 Bolano,
1695 3373 1784 3426 pp.
1818 3364 1899 3424 77,
1933 3365 2012 3414 ⁹3.
