2673 4295
714 545 715 548 ,
800 511 918 555 me.
963 511 1044 556 ιν.
1076 528 1102 538 -
1142 503 1273 554 cA-P.
1319 512 1377 554 x.
1761 483 1764 486 ’
1940 492 2042 554 181

134 587 360 658 viantes,
406 588 641 651 Anicius
682 591 928 651 Manlius
979 592 1282 671 Torquatus
1338 589 1626 652 severinus
1680 589 1941 650 Boethius
1977 598 2054 652 et

133 666 379 756 Magnus
420 670 678 730 Aurelius
725 669 1095 732 Cassiodorus.
1142 670 1253 732 Sed
1309 688 1492 750 quum
1551 669 1887 730 huiusmodi
1944 669 2052 731 bo-

136 763 334 807 mmes
362 746 478 809 Deo
507 749 715 821 devoti,
753 751 1017 811 animum
1047 750 1261 812 divinis
1289 748 1741 827 cogitationibus
1788 756 2051 809 tantum-

133 825 317 887 modo
360 837 713 898 exercerent,
763 836 820 892 et
864 830 969 892 toti
1013 837 1206 892 essent
1269 831 1327 890 in
1393 829 1769 908 propaganda
1834 828 2049 891 Christi

134 903 450 981 doctrina,
512 908 923 987 poenitendam
980 909 1092 971 sibi
1158 911 1440 987 temporis
1504 909 1790 969 iacturam
1855 909 2051 970 facere
2199 949 2213 987 f

134 983 513 1057 videbantur,
561 989 714 1066 quod
756 990 818 1049 in
861 990 995 1051 stilo
1038 989 1362 1051 exercendo
1405 988 1839 1049 insumsissent.
1899 987 2052 1059 Qua-

135 1071 383 1143 propter
423 1075 699 1131 venustae
742 1077 799 1129 et
840 1070 1162 1132 concinnae
1206 1067 1491 1130 orationis
1545 1067 1780 1142 securi,
1842 1066 2052 1128 barba-

124 1161 270 1203 ·rum
319 1151 495 1225 atque
539 1147 845 1209 horridum
891 1148 1185 1210 scribendi
1229 1166 1413 1225 genus
1471 1146 1820 1225 plerumque
1877 1166 2051 1207 usur-

136 1231 360 1301 parunt
403 1224 518 1304 (1).

212 1301 380 1374 Quae
422 1312 616 1368 tamen
661 1306 738 1367 ita
783 1308 965 1369 nolim
991 1306 1266 1384 intelligi,
1314 1305 1481 1385 quasi
1526 1323 1775 1368 omnem.
1806 1304 2048 1367 omnino

135 1380 484 1459 dignitatem
529 1404 729 1447 rerum
783 1386 1113 1447 divinarum
1180 1386 1569 1465 scriptoribus
1624 1385 2046 1448 detrahendam

135 1471 364 1552 putem.
412 1462 676 1544 Namque
714 1466 1285 1546 praeterquamquod
1322 1465 1586 1545 plerique
1616 1482 1820 1527 omnes
1851 1465 2047 1526 nativo

135 1544 438 1606 interdum
481 1546 732 1608 candore
775 1545 988 1624 nitent,
1035 1553 1092 1608 et
1120 1544 1411 1623 singulari
1442 1545 1694 1625 quadam
1733 1544 2043 1619 suavitate,

193 1752 256 1808 (1)
294 1749 479 1811 Neque
513 1749 569 1800 id
603 1749 822 1801 mirum.
859 1749 969 1811 Ipsi
1005 1750 1163 1800 enim·
1203 1749 1638 1811 conceptissimis
1685 1748 1871 1801 verbis
1924 1760 2049 1809 pro·

130 1811 261 1863 fessi
308 1814 452 1871 sunt,
498 1811 640 1862 velle
684 1822 742 1861 se
777 1812 1174 1873 expolitionem
1209 1811 1482 1862 sermonis
1517 1814 1675 1873 atque
1709 1811 1841 1861 artis
1875 1821 2052 1871 gram-

131 1873 367 1924 maticae
402 1873 547 1934 leges
580 1872 868 1933 negligere.
903 1874 978 1924 Ne
1014 1873 1134 1935 quis
1168 1876 1350 1923 autem
1385 1872 1523 1923 torte
1557 1873 1869 1931 arbitretur,
1916 1872 2050 1921 haec

130 1946 161 1985 a
195 1933 361 1984 nobis
392 1936 600 1985 temere
636 1935 702 1986 de
737 1935 923 1985 latinis
964 1934 1291 1985 christianae
1342 1935 1639 1995 sapientiae
1690 1933 2047 1996 scriptoribus

130 1995 432 2057 affirmari,
466 1995 678 2049 iuvabit
712 1996 859 2057 ipsos
882 2036 894 2056 ,
931 1997 1030 2062 hac
1062 1995 1129 2046 de
1166 2007 1224 2045 re
1272 1997 1559 2057 loquentes
1608 1995 1816 2047 audire.
1868 1996 2049 2046 Aucu-

131 2068 331 2122 srmus
364 2060 551 2108 contra
585 2056 857 2114 Crescen.,
894 2060 963 2119 11,
995 2063 1053 2109 l:
1107 2074 1131 2101 ‹
1156 2056 1366 2116 Quanto
1415 2063 1598 2108 minus
1647 2068 1748 2108 nos
1797 2056 2048 2108 laborare

132 2120 402 2170 debemus
454 2121 545 2170 De
600 2120 893 2181 regulis
965 2119 1566 2180 derivandorum
1635 2120 2066 2181 nominum,

130 2181 356 2245 quando
389 2182 506 2232 sive
539 2181 642 2234 hoc
675 2184 792 2232 sive
828 2182 961 2232 illud
997 2184 1262 2242 dicamus„
1300 2181 1621 2241 intelligitur
1642 2182 1761 2232 sine
1785 2182 2050 2244 ambigui-

131 2246 244 2294 tate
277 2243 425 2303 quod
460 2242 690 2303 dicitur;
729 2255 960 2304 quorum
994 2257 1103 2296 non
1139 2245 1195 2295 in
1228 2244 1719 2307 expolitione
1753 2255 2049 2295 sermo-

128 2317 166 2355 n
186 2306 202 2355 i
223 2317 249 2355 s
270 2345 284 2366 ,
331 2304 427 2355 sed
474 2306 527 2356 in
577 2306 1043 2357 demonstratione
1092 2307 1339 2358 veritatis
1390 2309 1472 2359 est
1521 2307 1697 2358 maior
1746 2307 1995 2358 intenti0.
2020 2323 2045 2351 ›
2075 2342 2078 2345 »

128 2368 520 2427 HIERONYMUS,
558 2368 747 2436 Epist„
783 2369 865 2418 LII
899 2367 964 2418 ad
1002 2369 1346 2420 Pammacb.:
1401 2369 1825 2419 «Ecclesiastica
1874 2369 2079 2421 inter--

126 2431 388 2542 pretam),
425 2429 637 2485 etiamsi
673 2429 836 2479 habet
868 2430 1165 2493 eloquii
1221 2442 1300 2480 ve
1324 2444 1355 2480 n
1377 2443 1456 2480 us
1480 2433 1737 2489 tatem,
1778 2429 2049 2479 dissimu-

151 2503 244 2541 are
284 2501 405 2541 eam
441 2491 473 2540 d
495 2501 522 2540 e
543 2490 575 2540 b
595 2495 664 2541 et
695 2494 762 2540 et
795 2490 997 2551 fugere.
1037 2492 1150 2542 Id.:
1190 2509 1215 2536 «
1239 2493 1389 2543 Unde
1422 2495 1477 2543 et
1498 2493 1744 2552 leporem
1767 2492 1901 2540 artis
1926 2489 2047 2539 rhe-

127 2554 942 2604 toricaecontemnentes
967 2593 978 2614 ,
1003 2554 1306 2615 etpuerilis
1331 2557 1399 2603 et
1433 2550 1881 2615 plausibilis
1917 2550 2049 2601 elo-

126 2627 158 2676 q
177 2616 249 2666 ui
279 2616 295 2664 i
330 2625 366 2665 v
384 2625 412 2662 e
431 2627 464 2663 n
484 2625 521 2664 u
539 2618 735 2665 state
753 2625 807 2663 m
831 2654 841 2674 ,
878 2614 946 2664 ad
974 2620 1280 2665 sanctarum
1305 2615 1699 2675 scripturarum
1722 2612 2047 2672 gravitatem
2076 2672 2081 2685 ,

126 2675 547 2736 confugimus.»
583 2677 899 2727 Gnaeonlus
934 2677 1021 2737 Μ.,
1058 2676 1225 2738 Epist.
1263 2676 1329 2725 ad
1366 2675 1617 2736 Leandr.,
1643 2686 1696 2736 v,
1721 2677 1872 2724 49:-«
1898 2673 2082 2723 Unde·

125 2743 183 2790 et
219 2743 400 2809 ipsam
433 2737 504 2788 lo
523 2749 656 2800 que
679 2750 713 2788 n
734 2738 804 2788 di
839 2743 999 2788 arte
1021 2750 1073 2788 m
1093 2776 1106 2796 ,
1147 2749 1316 2851 ¹quam
1365 2739 1678 2798 magisteria
1725 2735 2048 2807 disciplinae

127 2800 432 2851 exterioris
468 2801 764 2860 insinuant,
802 2813 827 2851 s
846 2810 874 2849 e
895 2812 921 2850 r
940 2813 974 2851 v
992 2812 1023 2850 a
1040 2813 1066 2850 r
1085 2811 1113 2849 e
1201 2811 1229 2848 e
1248 2811 1274 2849 s
1292 2811 1324 2861 p
1346 2811 1374 2849 e
1395 2802 1485 2850 xi.
1531 2799 1665 2849 Nam
1699 2802 1839 2848 Sicut
1881 2797 2048 2849 hu1us
2078 2833 2084 2842 ,

168 2872 355 2922 noque
389 2862 652 2924 epistolae
687 2864 844 2912 tenor
887 2862 1152 2922 enuntiat,
1189 2872 1299 2911 non
1348 2861 1655 2914 metacismi
1704 2860 2082 2910 collisionem

155 2923 920 2986 ugi0,nonbarbarismi
956 2923 1487 2975 confusionem
1520 2922 1813 2982 devit03
1852 2922 2084 2972 situs·

130 2989 538 3047 motusque
593 2990 661 3036 et
718 2986 1379 3048 praepositionum
1447 2995 1666 3036 casus
1730 2994 2054 3035 servare

127 3052 356 3099 conte
377 3058 431 3096 m
452 3060 486 3098 n
508 3060 571 3107 03
609 3051 735 3110 quia
767 3048 1048 3108 indignum
1083 3047 1441 3099 vehementer
1476 3046 1755 3106 existim0,
1792 3051 1852 3096 ut
1883 3044 2052 3096 verba

126 3110 395 3161 coelestis
429 3111 634 3160 oraculi
673 3110 993 3170 restringam
1028 3105 1128 3159 sub
1161 3109 1372 3173 regulis.
1403 3108 1665 3160 Donati.»
1703 3108 2014 3159 Crrnunus
2036 3146 2049 3167 ,

124 3170 366 3230 Praefat,
403 3172 470 3222 ad
504 3173 600 3224 vit.
639 3171 872 3223 Caesarii
905 3172 1141 3222 Arelat.:
1179 3185 1204 3214 «
1228 3172 1269 3219 Α
1303 3168 1600 3222 lectoribus
1635 3171 1891 3233 petimus,
1923 3174 1982 3218 ut
2003 3169 2050 3218 si

123 3247 265 3285 casu
301 3233 483 3296 aliquo
525 3234 846 3296 simplicitas
896 3234 1100 3294 eloquii
1150 3233 1326 3283 nostri
1379 3232 1447 3284 ad
1491 3232 1841 3282 eruditorum
1890 3240 2054 3279 aures
2079 3254 2084 3263 ·

122 3297 459 3357 adducatur,
494 3307 604 3347 non
638 3298 880 3357 arguant,
931 3295 1076 3355 quod
1131 3293 1372 3344 stilus
1427 3297 1692 3347 noster
1743 3292 2056 3343 videtur

123 3358 330 3410 artis
364 3359 904 3420 grammaticae
939 3358 1142 3416 leges
1178 3356 1577 3417 negligere
1638 3373 1663 3401 »
1700 3355 1845 3413 Quae
1881 3364 2054 3425 quum

121 3424 205 3473 ita
242 3420 376 3480 sint,
413 3419 553 3470 nihil
588 3431 716 3470 sane
752 3420 976 3471 illorum
1012 3418 1178 3470 verba
1215 3429 1511 3477 moramur,
1563 3418 1656 3478 qui
1705 3418 1761 3467 in
1811 3426 2056 3465 romanis

119 3483 335 3534 litteris
371 3482 530 3545 plane
563 3481 826 3545 hospites,
864 3492 918 3531 et
950 3481 1150 3531 latinae
1187 3481 1415 3531 rationis
1452 3481 1643 3540 ignari,
1679 3481 1898 3529 nostrae
1933 3488 2062 3529 sen-

118 3544 337 3599 tentiae
373 3543 709 3608 perridicule
743 3543 1127 3596 adversantur.
