2673 4295
555 301 674 363 144
1192 308 1508 358 rusi-cnm:
1556 304 1832 352 camon

551 397 800 476 reliquis
841 395 1010 457 honis
1051 393 1279 455 artibus
1320 390 1626 471 paullatim
1673 389 1894 450 Romae
1945 385 2284 461 interierit,
2346 402 2483 446 non

552 494 692 540 vero
735 495 841 539 cur
881 494 1010 539 eam
1055 475 1306 536 formam
1351 471 1666 550 acceperit,
1712 485 1889 548 quam
1933 464 2184 529 subinde
2227 465 2481 553 habuit,

552 575 823 637 quaeque
883 556 1039 617 adeo<
1091 572 1123 614 a
1188 569 1460 633 perversa
1524 549 1787 611 eiusdem
1853 547 2171 612 tradendae
2232 555 2484 619 ratione

551 637 701 697 mihi
763 636 996 698 videtur
1057 652 1120 694 re
1165 631 1396 695 etenda.
1459 628 1754 692 Nimirum
1819 646 1851 688 a
1917 629 2044 690 soro
2086 636 2145 691 et
2187 636 2484 712 populari

549 716 868 778 iactatione
910 714 981 775 ad
1024 731 1121 773 um
1170 712 1370 773 ratiles
1413 709 1862 772 exercitationes
1894 709 2156 771 traducta
2187 712 2307 791 (1),
2340 734 2484 779 om-

550 814 657 858 nes
701 795 944 858 omnino
985 794 1228 871 spiritus
1272 789 1491 852 amisit.
1549 788 1625 850 Ut
1685 796 1882 850 autem
1946 790 2100 869 apud
2165 790 2476 871 GraecOS,

547 875 861 938 immutata
906 873 1040 947 iam,
1070 872 1434 934 Athenarum
1478 868 1738 945 civitate,
1783 868 1962 931 iidem
2006 870 2326 950 sophistae,
2364 878 2478 953 qui

547 955 614 1016 in
656 952 1005 1036 expoliendo
1047 969 1317 1014 sermone
1346 948 1588 1011 Isocrati
1617 947 2011 1027 praeiverant,
2042 950 2114 1011 ad
2144 953 2290 1015 artis
2317 956 2478 1017 sub-

550 1033 792 1097 tilitates
834 1053 898 1095 se
938 1032 1359 1106 contulerunt3
1404 1030 1488 1091 sic
1529 1029 1751 1090 Romae
1792 1028 1854 1089 in
1886 1028 1986 1091 illa
2018 1031 2131 1092 sori
2161 1034 2471 1113 vastitate,

548 1113 707 1193 siqui
768 1111 1003 1175 dicendi
1059 1111 1320 1172 studium
1378 1109 1819 1189 profiterentur,
1863 1126 1983 1171 non
2026 1110 2301 1190 antiquos
2343 1116 2471 1176 iam

548 1191 865 1270 aemulari,
909 1190 1010 1253 sed
1052 1190 1115 1251 in
1158 1208 1361 1253 eorum
1406 1188 1640 1267 scriptis
1696 1189 2161 1251 commentandis
2223 1208 2470 1256 omnem

545 1272 903 1333 industriam
946 1288 1166 1351 ponere
1207 1276 1550 1349 coeperunt.
1583 1265 1733 1328 Hinc
1762 1266 1909 1329 illud
1941 1268 2245 1332 rhetorum
2276 1291 2470 1350 genus

547 1351 852 1431 profluxit,
896 1351 960 1412 in
1002 1349 1217 1429 quibus
1257 1349 1519 1410 studium
1564 1354 1622 1409 et
1649 1362 1898 1408 acumen
1929 1348 2151 1420 videas,
2183 1359 2468 1417 naturam

546 1429 862 1500 desideres,
912 1436 1221 1498 extenuata
1264 1426 1448 1491 veluti
1489 1443 1759 1507 corpora,
1804 1445 1955 1506 quae
1984 1428 2271 1493 iuveniles
2297 1444 2471 1497 artus

550 1510 735 1571 velint
776 1509 1023 1571 imitari.
1068 1509 1380 1571 Praeterea
1423 1525 1574 1587 quae
1614 1515 1911 1587 postrema
1953 1518 2150 1578 essent
2192 1512 2254 1572 in
2310 1522 2466 1589 arte,

547 1588 742 1669 prima
786 1588 991 1651 haberi
1034 1593 1235 1668 coepta
1277 1595 1439 1664 sunt,
1484 1592 1543 1648 et
1603 1593 1901 1656 oratoreS,
1968 1587 2234 1667 neglecta
2299 1595 2469 1656 omni

547 1669 827 1746 utilitate,
860 1668 1100 1730 aurium
1129 1666 1414 1747 voluptati
1445 1666 1623 1727 unice
1650 1664 1984 1727 studebant.
2018 1667 2080 1729 ld
2109 1687 2247 1733 vero
2276 1690 2471 1750 quan-

546 1753 675 1809 tum
719 1748 1091 1828 eloquentiae
1133 1745 1415 1824 offecerit,
1460 1745 1616 1806 haud
1661 1746 1863 1806 multis
1904 1761 2053 1825 opus
2094 1757 2182 1810 est
2217 1750 2472 1813 demon·

546 1836 760 1890 strare.
804 1827 997 1901 Quum
1040 1828 1197 1889 enim
1239 1826 1393 1889 duae
1436 1825 1752 1887 admodum
1797 1832 1993 1905 partes
2034 1830 2288 1891 oratoris
2317 1832 2463 1911 sint,

545 1914 607 1970 et
634 1907 906 1970 vincendi
937 1915 995 1968 et
1022 1906 1572 1983 delectandi,nemo
1599 1923 1719 1967 non
1747 1904 1926 1982 videt,
1944 1907 2274 1987 principem
2293 1911 2472 1984 illam.

547 1993 607 2049 et
648 1988 1068 2067 pugnaciorem
1110 1986 1262 2046 tanti
1305 2004 1455 2057 esse,
1501 1991 1568 2045 ut
1616 1986 1665 2046 si
1728 1984 1920 2059 desit,
1983 2004 2060 2048 ne
2122 1987 2466 2067 eloquentia

548 2065 786 2146 quidem
834 2066 1017 2146 possit
1072 2064 1350 2141 intelligi.
1415 2063 1608 2137 Quare
1651 2063 2295 2144 praestantissimorum
2341 2072 2468 2131 elo-

548 2147 791 2226 quentia
835 2166 868 2206 a
911 2143 1406 2208 declamatoribus
1448 2144 1613 2206 foede
1655 2144 1767 2206 fuit
1807 2154 2107 2225 corrupta,
2151 2146 2271 2210 sive
2300 2153 2468 2228 quod

549 2242 583 2284 a
628 2223 803 2287 rebus
846 2225 1122 2287 civilibus
1164 2224 1378 2285 remoti
1419 2223 1480 2283 in
1544 2222 1695 2285 fictis
1755 2227 2120 2300 argumentis
2181 2245 2471 2307 consene-

547 2311 798 2374 scerent,
846 2304 967 2367 sive
1010 2303 1165 2384 quod
1206 2302 1539 2365 delectandi
1580 2321 1782 2364 caussa
1828 2322 1933 2384 per
1989 2306 2197 2368 florida
2259 2316 2471 2388 poeta-

547 2401 682 2446 rum
728 2384 856 2446 loca
899 2383 1173 2451 licentius
1215 2389 1616 2445 excurrerent.
1661 2383 1745 2443 Ac
1767 2383 1862 2444 vix
1890 2384 2006 2445 dici
2038 2394 2250 2464 potest,
2277 2406 2465 2466 quam

548 2464 767 2526 multos
808 2463 953 2526 falsa
996 2464 1250 2525 duarum
1292 2463 1512 2524 artium
1554 2461 1882 2524 similitudo
1937 2464 2258 2544 deceperit.
2305 2467 2466 2540 Quid

548 2551 745 2606 autem
778 2543 963 2621 magis
993 2543 1192 2618 distat,
1237 2562 1416 2623 quam
1459 2549 1629 2622 poeta
1673 2541 1746 2603 ah
1788 2549 2020 2605 oratore
2045 2544 2075 2604 ‘I
2116 2544 2309 2618 Quum
2357 2548 2466 2612 ille

548 2622 1067 2685 admirabilitatem
1108 2622 1310 2698 iaciat,
1355 2623 1451 2684 hic
1493 2622 1710 2697 tidem3
1754 2621 1855 2684 ille
1897 2623 1986 2684 vel
2016 2624 2269 2686 alienam
2319 2646 2466 2707 per-

548 2719 755 2764 sonam
801 2702 1108 2779 imitando‚
1153 2702 1227 2763 ab
1254 2701 1383 2782 ipso
1410 2701 1702 2764 scribendi
1733 2702 1983 2765 artificio
2013 2702 2246 2767 laudem
2279 2724 2468 2784 quae—

548 2789 690 2857 rat3
732 2781 830 2843 hic
871 2784 1128 2863 optimus
1169 2780 1479 2858 habeatur,
1524 2783 1573 2844 si
1617 2781 1674 2842 id
1712 2781 1945 2861 penitus
1972 2782 2458 2848 dissimulaverit.

549 2859 716 2922 Unde
758 2862 877 2922 iam
922 2868 1123 2941 patet‚·
1149 2861 1305 2940 quod
1348 2861 1411 2923 in
1453 2862 1639 2923 altero
1680 2862 1866 2923 virtus
1893 2862 1991 2937 sit,
2023 2863 2080 2922 id
2112 2864 2282 2927 alteri
2317 2867 2462 2929 vitio

551 2959 679 3004 esse
724 2941 1126 3018 tribuendum,
1172 2940 1489 3021 praecipue
1529 2942 1579 3003 si
1621 2943 1819 3003 nescio
1860 2942 2001 3019 quid
2042 2942 2345 3022 depictum
2400 2955 2466 3008 et

550 3020 758 3102 procul
803 3020 1421 3100 quaesitumnimiam
1465 3021 1749 3084 orationis
1789 3040 1991 3083 curam
2035 3024 2386 3115 prodiderit.

631 3100 708 3162 At
747 3100 909 3161 illius
950 3100 1158 3162 aetatis
1200 3111 1465 3163 oratores
1504 3101 1653 3163 nihil
1715 3102 1834 3163 iam
1898 3122 2065 3182 pensi
2126 3103 2418 3168 habentes
2442 3153 2461 3179 ,

613 3335 678 3395 (1)
710 3333 768 3388 V.
803 3333 1018 3394 luvra..
1053 3332 1162 3384 Sat.
1197 3332 1295 3395 vrl,
1330 3334 1557 3387 150-17'1.
