<?xml version="1.0" encoding="UTF-8"?>
<!DOCTYPE html PUBLIC "-//W3C//DTD XHTML 1.0 Transitional//EN"
    "http://www.w3.org/TR/xhtml1/DTD/xhtml1-transitional.dtd">
<html xmlns="http://www.w3.org/1999/xhtml" xml:lang="en" lang="en">
 <head>
  <title>
</title>
<meta http-equiv="Content-Type" content="text/html;charset=utf-8" />
  <meta name='ocr-system' content='tesseract 3.04.00' />
  <meta name='ocr-capabilities' content='ocr_page ocr_carea ocr_par ocr_line ocrx_word'/>
</head>
<body>
  <div class='ocr_page' id='page_1' title='image "./historiacritica00vallgoog_0042.png"; bbox 0 0 2673 4295; ppageno 0'>
   <div class='ocr_carea' id='block_1_1' title="bbox 507 427 1778 493">
    <p class='ocr_par' dir='ltr' id='par_1_1' title="bbox 507 427 1778 493">
     <span class='ocr_line' id='line_1_1' title="bbox 507 427 1778 493; baseline 0.002 -5"><span class='ocrx_word' id='word_1_1' title='bbox 507 427 586 488; x_wconf 69' lang='lat'>34</span> <span class='ocrx_word' id='word_1_2' title='bbox 1147 446 1459 493; x_wconf 74' lang='lat' dir='ltr'>msromAE</span> <span class='ocrx_word' id='word_1_3' title='bbox 1510 447 1778 492; x_wconf 62' lang='lat' dir='ltr'>cantolu:</span> 
     </span>
    </p>
   </div>
   <div class='ocr_carea' id='block_1_2' title="bbox 508 523 2432 1640">
    <p class='ocr_par' dir='ltr' id='par_1_2' title="bbox 508 523 2432 1640">
     <span class='ocr_line' id='line_1_2' title="bbox 509 523 2424 605; baseline 0.002 -20"><span class='ocrx_word' id='word_1_4' title='bbox 509 523 782 604; x_wconf 75' lang='lat' dir='ltr'>qualibus</span> <span class='ocrx_word' id='word_1_5' title='bbox 826 524 1175 605; x_wconf 80' lang='lat' dir='ltr'>laudentur3</span> <span class='ocrx_word' id='word_1_6' title='bbox 1227 527 1289 588; x_wconf 90' lang='lat' dir='ltr'>in</span> <span class='ocrx_word' id='word_1_7' title='bbox 1340 527 1681 590; x_wconf 87' lang='lat' dir='ltr'>universum</span> <span class='ocrx_word' id='word_1_8' title='bbox 1712 534 1908 589; x_wconf 90' lang='lat' dir='ltr'>tamen</span> <span class='ocrx_word' id='word_1_9' title='bbox 1950 533 2198 603; x_wconf 82' lang='lat' dir='ltr'>constat,</span> <span class='ocrx_word' id='word_1_10' title='bbox 2250 543 2424 604; x_wconf 88' lang='lat' dir='ltr'>grae-</span> 
     </span>
     <span class='ocr_line' id='line_1_3' title="bbox 508 605 2424 686; baseline 0.001 -21"><span class='ocrx_word' id='word_1_11' title='bbox 508 622 712 665; x_wconf 90' lang='lat' dir='ltr'>carum</span> <span class='ocrx_word' id='word_1_12' title='bbox 755 605 1090 669; x_wconf 87' lang='lat' dir='ltr'>fabularum</span> <span class='ocrx_word' id='word_1_13' title='bbox 1142 607 1689 685; x_wconf 81' lang='lat' dir='ltr'>interpretationem</span> <span class='ocrx_word' id='word_1_14' title='bbox 1734 613 1851 668; x_wconf 83' lang='lat' dir='ltr'>tam</span> <span class='ocrx_word' id='word_1_15' title='bbox 1901 624 2111 686; x_wconf 89' lang='lat' dir='ltr'>parum</span> <span class='ocrx_word' id='word_1_16' title='bbox 2165 605 2424 669; x_wconf 83' lang='lat' dir='ltr'>feliciter</span> 
     </span>
     <span class='ocr_line' id='line_1_4' title="bbox 510 682 2425 766; baseline 0 -21"><span class='ocrx_word' id='word_1_17' title='bbox 510 682 596 745; x_wconf 89' lang='lat' dir='ltr'>eis</span> <span class='ocrx_word' id='word_1_18' title='bbox 639 684 904 762; x_wconf 81' lang='lat' dir='ltr'>cessisse,</span> <span class='ocrx_word' id='word_1_19' title='bbox 951 693 1016 747; x_wconf 92' lang='lat' dir='ltr'>ut</span> <span class='ocrx_word' id='word_1_20' title='bbox 1056 685 1423 758; x_wconf 78' lang='lat' dir='ltr'>QuIntiliano</span> <span class='ocrx_word' id='word_1_21' title='bbox 1466 686 1563 766; x_wconf 85' lang='lat'>(1)</span> <span class='ocrx_word' id='word_1_22' title='bbox 1605 703 1798 748; x_wconf 88' lang='lat' dir='ltr'>sermo</span> <span class='ocrx_word' id='word_1_23' title='bbox 1840 684 1969 765; x_wconf 85' lang='lat' dir='ltr'>ipse</span> <span class='ocrx_word' id='word_1_24' title='bbox 2011 685 2240 765; x_wconf 88' lang='lat' dir='ltr'>patrius</span> <span class='ocrx_word' id='word_1_25' title='bbox 2266 685 2425 745; x_wconf 90' lang='lat' dir='ltr'>nati-</span> 
     </span>
     <span class='ocr_line' id='line_1_5' title="bbox 508 763 2426 845; baseline 0.003 -25"><span class='ocrx_word' id='word_1_26' title='bbox 508 781 645 824; x_wconf 88' lang='lat' dir='ltr'>vum</span> <span class='ocrx_word' id='word_1_27' title='bbox 687 763 834 824; x_wconf 89' lang='lat' dir='ltr'>illud</span> <span class='ocrx_word' id='word_1_28' title='bbox 877 773 1052 845; x_wconf 91' lang='lat' dir='ltr'>atque</span> <span class='ocrx_word' id='word_1_29' title='bbox 1094 766 1330 844; x_wconf 83' lang='lat' dir='ltr'>elegans</span> <span class='ocrx_word' id='word_1_30' title='bbox 1370 765 1698 828; x_wconf 87' lang='lat' dir='ltr'>Atticorum</span> <span class='ocrx_word' id='word_1_31' title='bbox 1740 784 1928 844; x_wconf 89' lang='lat' dir='ltr'>genus</span> <span class='ocrx_word' id='word_1_32' title='bbox 1979 765 2244 844; x_wconf 89' lang='lat' dir='ltr'>recipere</span> <span class='ocrx_word' id='word_1_33' title='bbox 2297 783 2426 827; x_wconf 79' lang='lat' dir='ltr'>non</span> 
     </span>
     <span class='ocr_line' id='line_1_6' title="bbox 509 843 2425 925; baseline 0.002 -23"><span class='ocrx_word' id='word_1_34' title='bbox 509 843 828 906; x_wconf 86' lang='lat' dir='ltr'>videretur.</span> <span class='ocrx_word' id='word_1_35' title='bbox 874 843 1075 922; x_wconf 91' lang='lat' dir='ltr'>Neque</span> <span class='ocrx_word' id='word_1_36' title='bbox 1115 845 1176 906; x_wconf 89' lang='lat' dir='ltr'>id</span> <span class='ocrx_word' id='word_1_37' title='bbox 1219 846 1463 920; x_wconf 89' lang='lat' dir='ltr'>mirum,</span> <span class='ocrx_word' id='word_1_38' title='bbox 1489 864 1604 925; x_wconf 89' lang='lat' dir='ltr'>qua</span> <span class='ocrx_word' id='word_1_39' title='bbox 1636 851 1980 925; x_wconf 87' lang='lat' dir='ltr'>tempestate</span> <span class='ocrx_word' id='word_1_40' title='bbox 2015 845 2425 906; x_wconf 90' lang='lat' dir='ltr'>Romanorum</span> 
     </span>
     <span class='ocr_line' id='line_1_7' title="bbox 510 921 2430 1005; baseline 0.002 -23"><span class='ocrx_word' id='word_1_41' title='bbox 510 921 815 1000; x_wconf 85' lang='lat' dir='ltr'>ingenium</span> <span class='ocrx_word' id='word_1_42' title='bbox 860 922 934 983; x_wconf 91' lang='lat' dir='ltr'>ab</span> <span class='ocrx_word' id='word_1_43' title='bbox 975 924 1138 986; x_wconf 90' lang='lat' dir='ltr'>omni</span> <span class='ocrx_word' id='word_1_44' title='bbox 1180 942 1389 1002; x_wconf 89' lang='lat' dir='ltr'>graeco</span> <span class='ocrx_word' id='word_1_45' title='bbox 1431 925 1633 1005; x_wconf 88' lang='lat' dir='ltr'>lepore</span> <span class='ocrx_word' id='word_1_46' title='bbox 1674 924 1903 987; x_wconf 87' lang='lat' dir='ltr'>abesset</span> <span class='ocrx_word' id='word_1_47' title='bbox 1962 942 2139 1003; x_wconf 89' lang='lat' dir='ltr'>quam</span> <span class='ocrx_word' id='word_1_48' title='bbox 2202 922 2430 1002; x_wconf 87' lang='lat' dir='ltr'>longis·</span> 
     </span>
     <span class='ocr_line' id='line_1_8' title="bbox 511 1001 2427 1084; baseline 0.001 -21"><span class='ocrx_word' id='word_1_49' title='bbox 511 1001 682 1075; x_wconf 91' lang='lat' dir='ltr'>sime,</span> <span class='ocrx_word' id='word_1_50' title='bbox 728 1009 788 1064; x_wconf 91' lang='lat' dir='ltr'>et</span> <span class='ocrx_word' id='word_1_51' title='bbox 827 1021 1002 1064; x_wconf 89' lang='lat' dir='ltr'>scena</span> <span class='ocrx_word' id='word_1_52' title='bbox 1046 1004 1268 1066; x_wconf 90' lang='lat' dir='ltr'>Romae</span> <span class='ocrx_word' id='word_1_53' title='bbox 1322 1006 1583 1084; x_wconf 89' lang='lat' dir='ltr'>primum</span> <span class='ocrx_word' id='word_1_54' title='bbox 1647 1023 1751 1084; x_wconf 88' lang='lat' dir='ltr'>per</span> <span class='ocrx_word' id='word_1_55' title='bbox 1811 1003 2087 1065; x_wconf 87' lang='lat' dir='ltr'>Etruscos</span> <span class='ocrx_word' id='word_1_56' title='bbox 2149 1001 2427 1065; x_wconf 90' lang='lat' dir='ltr'>homines</span> 
     </span>
     <span class='ocr_line' id='line_1_9' title="bbox 511 1081 2428 1163; baseline -0.001 -19"><span class='ocrx_word' id='word_1_57' title='bbox 511 1100 645 1144; x_wconf 89' lang='lat' dir='ltr'>osce</span> <span class='ocrx_word' id='word_1_58' title='bbox 686 1081 783 1161; x_wconf 75' lang='lat'>(2)</span> <span class='ocrx_word' id='word_1_59' title='bbox 867 1083 1026 1160; x_wconf 87' lang='lat' dir='ltr'>eragi</span> <span class='ocrx_word' id='word_1_60' title='bbox 1069 1091 1297 1163; x_wconf 84' lang='lat' dir='ltr'>coepta,</span> <span class='ocrx_word' id='word_1_61' title='bbox 1343 1084 1567 1163; x_wconf 90' lang='lat' dir='ltr'>aliquid</span> <span class='ocrx_word' id='word_1_62' title='bbox 1611 1084 1790 1146; x_wconf 88' lang='lat' dir='ltr'>etiam</span> <span class='ocrx_word' id='word_1_63' title='bbox 1821 1083 2049 1163; x_wconf 88' lang='lat' dir='ltr'>priscae</span> <span class='ocrx_word' id='word_1_64' title='bbox 2090 1082 2428 1144; x_wconf 88' lang='lat' dir='ltr'>severitatis</span> 
     </span>
     <span class='ocr_line' id='line_1_10' title="bbox 509 1101 2427 1242; baseline 0.001 -21"><span class='ocrx_word' id='word_1_65' title='bbox 509 1163 792 1223; x_wconf 83' lang='lat' dir='ltr'>retineret</span> <span class='ocrx_word' id='word_1_66' title='bbox 813 1101 932 1241; x_wconf 52' lang='grc' dir='ltr'>ὣ).</span> <span class='ocrx_word' id='word_1_67' title='bbox 959 1163 1267 1226; x_wconf 85' lang='lat' dir='ltr'>Caeterum</span> <span class='ocrx_word' id='word_1_68' title='bbox 1298 1164 1512 1225; x_wconf 91' lang='lat' dir='ltr'>horum</span> <span class='ocrx_word' id='word_1_69' title='bbox 1538 1163 1884 1242; x_wconf 87' lang='lat' dir='ltr'>praesertim</span> <span class='ocrx_word' id='word_1_70' title='bbox 1949 1169 2217 1225; x_wconf 71' lang='lat' dir='ltr'>oetarum</span> <span class='ocrx_word' id='word_1_71' title='bbox 2238 1179 2427 1242; x_wconf 88' lang='lat' dir='ltr'>opera</span> 
     </span>
     <span class='ocr_line' id='line_1_11' title="bbox 511 1241 2426 1323; baseline 0 -22"><span class='ocrx_word' id='word_1_72' title='bbox 511 1241 731 1302; x_wconf 84' lang='lat' dir='ltr'>factum</span> <span class='ocrx_word' id='word_1_73' title='bbox 773 1250 894 1316; x_wconf 88' lang='lat' dir='ltr'>est,</span> <span class='ocrx_word' id='word_1_74' title='bbox 938 1249 1006 1304; x_wconf 88' lang='lat' dir='ltr'>ut</span> <span class='ocrx_word' id='word_1_75' title='bbox 1047 1242 1297 1305; x_wconf 90' lang='lat' dir='ltr'>Romani</span> <span class='ocrx_word' id='word_1_76' title='bbox 1341 1241 1720 1322; x_wconf 88' lang='lat' dir='ltr'>asperitatem</span> <span class='ocrx_word' id='word_1_77' title='bbox 1764 1242 1901 1323; x_wconf 90' lang='lat' dir='ltr'>paul</span> <span class='ocrx_word' id='word_1_78' title='bbox 1928 1243 2071 1303; x_wconf 90' lang='lat' dir='ltr'>atim</span> <span class='ocrx_word' id='word_1_79' title='bbox 2113 1250 2426 1319; x_wconf 80' lang='lat' dir='ltr'>exuerent,</span> 
     </span>
     <span class='ocr_line' id='line_1_12' title="bbox 514 1320 2430 1414; baseline 0.001 -32"><span class='ocrx_word' id='word_1_80' title='bbox 514 1338 838 1400; x_wconf 89' lang='lat' dir='ltr'>eorumque</span> <span class='ocrx_word' id='word_1_81' title='bbox 880 1321 1112 1384; x_wconf 88' lang='lat' dir='ltr'>litterae</span> <span class='ocrx_word' id='word_1_82' title='bbox 1154 1330 1404 1385; x_wconf 84' lang='lat' dir='ltr'>exeunte</span> <span class='ocrx_word' id='word_1_83' title='bbox 1446 1322 1684 1385; x_wconf 83' lang='lat' dir='ltr'>saeculo</span> <span class='ocrx_word' id='word_1_84' title='bbox 1723 1329 1884 1384; x_wconf 80' lang='lat' dir='ltr'>sexto</span> <span class='ocrx_word' id='word_1_85' title='bbox 1927 1321 2024 1414; x_wconf 65' lang='lat'>(4)</span> <span class='ocrx_word' id='word_1_86' title='bbox 2053 1328 2184 1401; x_wconf 90' lang='lat' dir='ltr'>post</span> <span class='ocrx_word' id='word_1_87' title='bbox 2213 1320 2430 1383; x_wconf 84' lang='lat' dir='ltr'>urbem</span> 
     </span>
     <span class='ocr_line' id='line_1_13' title="bbox 513 1400 2432 1482; baseline 0 -22"><span class='ocrx_word' id='word_1_88' title='bbox 513 1400 810 1462; x_wconf 88' lang='lat' dir='ltr'>conditam</span> <span class='ocrx_word' id='word_1_89' title='bbox 853 1420 980 1464; x_wconf 89' lang='lat' dir='ltr'>sese</span> <span class='ocrx_word' id='word_1_90' title='bbox 1021 1402 1456 1482; x_wconf 86' lang='lat' dir='ltr'>aliquantulum</span> <span class='ocrx_word' id='word_1_91' title='bbox 1500 1403 1816 1480; x_wconf 83' lang='lat' dir='ltr'>erigerent.</span> <span class='ocrx_word' id='word_1_92' title='bbox 1862 1400 2085 1462; x_wconf 78' lang='lat' dir='ltr'>Exinde</span> <span class='ocrx_word' id='word_1_93' title='bbox 2126 1419 2259 1480; x_wconf 89' lang='lat' dir='ltr'>spes</span> <span class='ocrx_word' id='word_1_94' title='bbox 2296 1407 2432 1462; x_wconf 86' lang='lat' dir='ltr'>tan-</span> 
     </span>
     <span class='ocr_line' id='line_1_14' title="bbox 513 1479 2432 1560; baseline 0.001 -20"><span class='ocrx_word' id='word_1_95' title='bbox 513 1479 648 1541; x_wconf 87' lang='lat' dir='ltr'>dem</span> <span class='ocrx_word' id='word_1_96' title='bbox 692 1479 885 1560; x_wconf 88' lang='lat' dir='ltr'>coepit</span> <span class='ocrx_word' id='word_1_97' title='bbox 924 1481 1294 1559; x_wconf 83' lang='lat' dir='ltr'>illucescere,</span> <span class='ocrx_word' id='word_1_98' title='bbox 1353 1483 1621 1543; x_wconf 87' lang='lat' dir='ltr'>futurum</span> <span class='ocrx_word' id='word_1_99' title='bbox 1684 1488 1750 1541; x_wconf 92' lang='lat' dir='ltr'>ut</span> <span class='ocrx_word' id='word_1_100' title='bbox 1803 1498 2048 1542; x_wconf 88' lang='lat' dir='ltr'>romana</span> <span class='ocrx_word' id='word_1_101' title='bbox 2113 1498 2256 1558; x_wconf 89' lang='lat' dir='ltr'>gens</span> <span class='ocrx_word' id='word_1_102' title='bbox 2317 1479 2432 1542; x_wconf 89' lang='lat' dir='ltr'>ali-</span> 
     </span>
     <span class='ocr_line' id='line_1_15' title="bbox 514 1559 2320 1640; baseline -0.001 -19"><span class='ocrx_word' id='word_1_103' title='bbox 514 1559 752 1637; x_wconf 90' lang='lat' dir='ltr'>quando</span> <span class='ocrx_word' id='word_1_104' title='bbox 792 1560 866 1621; x_wconf 86' lang='lat' dir='ltr'>ad</span> <span class='ocrx_word' id='word_1_105' title='bbox 906 1559 1263 1624; x_wconf 87' lang='lat' dir='ltr'>Graecorum</span> <span class='ocrx_word' id='word_1_106' title='bbox 1306 1561 1557 1640; x_wconf 86' lang='lat' dir='ltr'>gloriam</span> <span class='ocrx_word' id='word_1_107' title='bbox 1599 1562 1661 1622; x_wconf 92' lang='lat' dir='ltr'>in</span> <span class='ocrx_word' id='word_1_108' title='bbox 1698 1561 1912 1623; x_wconf 87' lang='lat' dir='ltr'>litteris</span> <span class='ocrx_word' id='word_1_109' title='bbox 1953 1561 2320 1638; x_wconf 85' lang='lat' dir='ltr'>adsurgeret.</span> 
     </span>
    </p>
   </div>
   <div class='ocr_carea' id='block_1_3' title="bbox 1168 1745 1791 1941">
    <p class='ocr_par' dir='ltr' id='par_1_3' title="bbox 1168 1745 1791 1941">
     <span class='ocr_line' id='line_1_16' title="bbox 1404 1745 1537 1824; baseline 0 -19"><span class='ocrx_word' id='word_1_110' title='bbox 1404 1745 1434 1824; x_wconf 60' lang='grc' dir='ltr'>ᾖ</span> <span class='ocrx_word' id='word_1_111' title='bbox 1477 1745 1537 1805; x_wconf 69' lang='lat'>2.</span> 
     </span>
     <span class='ocr_line' id='line_1_17' title="bbox 1168 1877 1791 1941; baseline -0.006 0"><span class='ocrx_word' id='word_1_112' title='bbox 1168 1878 1252 1941; x_wconf 87' lang='grc' dir='ltr'>Μ.</span> <span class='ocrx_word' id='word_1_113' title='bbox 1299 1877 1492 1940; x_wconf 80' lang='lat' dir='ltr'>Attius</span> <span class='ocrx_word' id='word_1_114' title='bbox 1535 1877 1791 1938; x_wconf 81' lang='lat' dir='ltr'>Plautus.</span> 
     </span>
    </p>
   </div>
   <div class='ocr_carea' id='block_1_4' title="bbox 517 2043 2438 2685">
    <p class='ocr_par' dir='ltr' id='par_1_4' title="bbox 517 2043 2438 2685">
     <span class='ocr_line' id='line_1_18' title="bbox 595 2043 2434 2127; baseline 0.001 -21"><span class='ocrx_word' id='word_1_115' title='bbox 595 2045 890 2110; x_wconf 88' lang='lat' dir='ltr'>Hactenus</span> <span class='ocrx_word' id='word_1_116' title='bbox 937 2047 1010 2109; x_wconf 91' lang='lat' dir='ltr'>de</span> <span class='ocrx_word' id='word_1_117' title='bbox 1071 2046 1509 2126; x_wconf 89' lang='lat' dir='ltr'>antiquioribus</span> <span class='ocrx_word' id='word_1_118' title='bbox 1571 2046 1758 2127; x_wconf 71' lang='lat' dir='ltr'>poetis</span> <span class='ocrx_word' id='word_1_119' title='bbox 1820 2043 2113 2118; x_wconf 86' lang='lat' dir='ltr'>scenicis,</span> <span class='ocrx_word' id='word_1_120' title='bbox 2171 2060 2434 2123; x_wconf 90' lang='lat' dir='ltr'>quorum</span> 
     </span>
     <span class='ocr_line' id='line_1_19' title="bbox 517 2123 2436 2208; baseline -0.002 -19"><span class='ocrx_word' id='word_1_121' title='bbox 517 2144 695 2207; x_wconf 87' lang='lat' dir='ltr'>opera</span> <span class='ocrx_word' id='word_1_122' title='bbox 739 2125 909 2188; x_wconf 91' lang='lat' dir='ltr'>nobis</span> <span class='ocrx_word' id='word_1_123' title='bbox 951 2134 1186 2208; x_wconf 89' lang='lat' dir='ltr'>tempus</span> <span class='ocrx_word' id='word_1_124' title='bbox 1226 2127 1460 2189; x_wconf 88' lang='lat' dir='ltr'>invidit.</span> <span class='ocrx_word' id='word_1_125' title='bbox 1506 2125 1693 2189; x_wconf 91' lang='lat' dir='ltr'>Venio</span> <span class='ocrx_word' id='word_1_126' title='bbox 1720 2143 1880 2188; x_wconf 90' lang='lat' dir='ltr'>nunc</span> <span class='ocrx_word' id='word_1_127' title='bbox 1918 2125 1991 2187; x_wconf 88' lang='lat' dir='ltr'>ad</span> <span class='ocrx_word' id='word_1_128' title='bbox 2021 2123 2177 2201; x_wconf 80' lang='lat' dir='ltr'>illos,</span> <span class='ocrx_word' id='word_1_129' title='bbox 2224 2124 2436 2204; x_wconf 81' lang='lat' dir='ltr'>quiex</span> 
     </span>
     <span class='ocr_line' id='line_1_20' title="bbox 517 2204 2437 2286; baseline -0.001 -19"><span class='ocrx_word' id='word_1_130' title='bbox 517 2208 820 2268; x_wconf 89' lang='lat' dir='ltr'>communi</span> <span class='ocrx_word' id='word_1_131' title='bbox 869 2207 1181 2286; x_wconf 88' lang='lat' dir='ltr'>naufragio</span> <span class='ocrx_word' id='word_1_132' title='bbox 1240 2213 1602 2276; x_wconf 87' lang='lat' dir='ltr'>enatarunt,</span> <span class='ocrx_word' id='word_1_133' title='bbox 1668 2213 1726 2268; x_wconf 90' lang='lat' dir='ltr'>et</span> <span class='ocrx_word' id='word_1_134' title='bbox 1785 2206 2094 2268; x_wconf 85' lang='lat' dir='ltr'>doctorum</span> <span class='ocrx_word' id='word_1_135' title='bbox 2155 2204 2437 2267; x_wconf 87' lang='lat' dir='ltr'>manibus</span> 
     </span>
     <span class='ocr_line' id='line_1_21' title="bbox 518 2283 2438 2365; baseline 0 -19"><span class='ocrx_word' id='word_1_136' title='bbox 518 2285 844 2347; x_wconf 88' lang='lat' dir='ltr'>etiamnum</span> <span class='ocrx_word' id='word_1_137' title='bbox 887 2292 1183 2348; x_wconf 88' lang='lat' dir='ltr'>teruntur.</span> <span class='ocrx_word' id='word_1_138' title='bbox 1229 2285 1455 2349; x_wconf 89' lang='lat' dir='ltr'>Horum</span> <span class='ocrx_word' id='word_1_139' title='bbox 1500 2285 1799 2365; x_wconf 75' lang='lat' dir='ltr'>princepS,</span> <span class='ocrx_word' id='word_1_140' title='bbox 1843 2284 1894 2346; x_wconf 89' lang='lat' dir='ltr'>si</span> <span class='ocrx_word' id='word_1_141' title='bbox 1937 2283 2221 2364; x_wconf 86' lang='lat' dir='ltr'>temporis</span> <span class='ocrx_word' id='word_1_142' title='bbox 2248 2284 2438 2346; x_wconf 84' lang='lat' dir='ltr'>ratio-</span> 
     </span>
     <span class='ocr_line' id='line_1_22' title="bbox 520 2363 2437 2444; baseline 0.001 -19"><span class='ocrx_word' id='word_1_143' title='bbox 520 2383 656 2427; x_wconf 89' lang='lat' dir='ltr'>nem</span> <span class='ocrx_word' id='word_1_144' title='bbox 698 2364 1043 2444; x_wconf 79' lang='lat' dir='ltr'>habeamuS,</span> <span class='ocrx_word' id='word_1_145' title='bbox 1087 2373 1175 2428; x_wconf 88' lang='lat' dir='ltr'>est</span> <span class='ocrx_word' id='word_1_146' title='bbox 1215 2366 1299 2427; x_wconf 88' lang='lat' dir='ltr'>M.</span> <span class='ocrx_word' id='word_1_147' title='bbox 1345 2366 1532 2426; x_wconf 80' lang='lat' dir='ltr'>Attius</span> <span class='ocrx_word' id='word_1_148' title='bbox 1578 2365 1825 2438; x_wconf 82' lang='lat' dir='ltr'>Plautus,</span> <span class='ocrx_word' id='word_1_149' title='bbox 1872 2363 1973 2444; x_wconf 90' lang='lat' dir='ltr'>qui</span> <span class='ocrx_word' id='word_1_150' title='bbox 2015 2363 2291 2426; x_wconf 89' lang='lat' dir='ltr'>Sarsinae</span> <span class='ocrx_word' id='word_1_151' title='bbox 2318 2382 2437 2426; x_wconf 85' lang='lat' dir='ltr'>na-</span> 
     </span>
     <span class='ocr_line' id='line_1_23' title="bbox 521 2442 2435 2520; baseline 0 -15"><span class='ocrx_word' id='word_1_152' title='bbox 521 2451 616 2507; x_wconf 87' lang='lat' dir='ltr'>tus</span> <span class='ocrx_word' id='word_1_153' title='bbox 656 2443 718 2506; x_wconf 88' lang='lat' dir='ltr'>in</span> <span class='ocrx_word' id='word_1_154' title='bbox 761 2444 1004 2507; x_wconf 88' lang='lat' dir='ltr'>Umbria</span> <span class='ocrx_word' id='word_1_155' title='bbox 1046 2463 1202 2507; x_wconf 90' lang='lat' dir='ltr'>anno</span> <span class='ocrx_word' id='word_1_156' title='bbox 1247 2444 1414 2506; x_wconf 90' lang='lat' dir='ltr'>urbis</span> <span class='ocrx_word' id='word_1_157' title='bbox 1453 2445 1724 2506; x_wconf 90' lang='lat' dir='ltr'>conditae</span> <span class='ocrx_word' id='word_1_158' title='bbox 1764 2444 1987 2520; x_wconf 80' lang='lat' dir='ltr'>nxxvil,</span> <span class='ocrx_word' id='word_1_159' title='bbox 2044 2443 2138 2504; x_wconf 85' lang='lat' dir='ltr'>vix</span> <span class='ocrx_word' id='word_1_160' title='bbox 2187 2442 2435 2505; x_wconf 89' lang='lat' dir='ltr'>tertium</span> 
     </span>
     <span class='ocr_line' id='line_1_24' title="bbox 520 2521 2431 2604; baseline 0 -19"><span class='ocrx_word' id='word_1_161' title='bbox 520 2531 580 2586; x_wconf 90' lang='lat' dir='ltr'>et</span> <span class='ocrx_word' id='word_1_162' title='bbox 621 2524 1136 2604; x_wconf 85' lang='lat' dir='ltr'>quadragesimum</span> <span class='ocrx_word' id='word_1_163' title='bbox 1181 2524 1390 2586; x_wconf 84' lang='lat' dir='ltr'>aetatis</span> <span class='ocrx_word' id='word_1_164' title='bbox 1431 2542 1655 2585; x_wconf 90' lang='lat' dir='ltr'>annum</span> <span class='ocrx_word' id='word_1_165' title='bbox 1696 2525 2000 2601; x_wconf 83' lang='lat' dir='ltr'>ingressus</span> <span class='ocrx_word' id='word_1_166' title='bbox 2027 2521 2279 2585; x_wconf 88' lang='lat' dir='ltr'>decessit</span> <span class='ocrx_word' id='word_1_167' title='bbox 2306 2523 2431 2603; x_wconf 87' lang='lat'>(5).</span> 
     </span>
     <span class='ocr_line' id='line_1_25' title="bbox 522 2601 2438 2685; baseline 0 -20"><span class='ocrx_word' id='word_1_168' title='bbox 522 2603 631 2666; x_wconf 89' lang='lat' dir='ltr'>Hic</span> <span class='ocrx_word' id='word_1_169' title='bbox 672 2623 856 2685; x_wconf 90' lang='lat' dir='ltr'>quum</span> <span class='ocrx_word' id='word_1_170' title='bbox 898 2605 1215 2667; x_wconf 88' lang='lat' dir='ltr'>admodum</span> <span class='ocrx_word' id='word_1_171' title='bbox 1258 2604 1601 2667; x_wconf 89' lang='lat' dir='ltr'>adolescens</span> <span class='ocrx_word' id='word_1_172' title='bbox 1627 2603 1702 2666; x_wconf 88' lang='lat' dir='ltr'>ad</span> <span class='ocrx_word' id='word_1_173' title='bbox 1731 2602 2063 2667; x_wconf 83' lang='lat' dir='ltr'>comoedias</span> <span class='ocrx_word' id='word_1_174' title='bbox 2090 2601 2438 2666; x_wconf 86' lang='lat' dir='ltr'>scribendas</span> 
     </span>
    </p>
   </div>
   <div class='ocr_carea' id='block_1_5' title="bbox 524 2790 2441 3159">
    <p class='ocr_par' dir='ltr' id='par_1_5' title="bbox 584 2790 1442 2849">
     <span class='ocr_line' id='line_1_26' title="bbox 584 2790 1442 2849; baseline 0.001 -10"><span class='ocrx_word' id='word_1_175' title='bbox 584 2792 645 2848; x_wconf 86' lang='lat'>(1)</span> <span class='ocrx_word' id='word_1_176' title='bbox 681 2790 758 2841; x_wconf 92' lang='lat' dir='ltr'>De</span> <span class='ocrx_word' id='word_1_177' title='bbox 790 2790 919 2841; x_wconf 85' lang='lat' dir='ltr'>inst.</span> <span class='ocrx_word' id='word_1_178' title='bbox 956 2792 1115 2849; x_wconf 72' lang='lat' dir='ltr'>orat„</span> <span class='ocrx_word' id='word_1_179' title='bbox 1149 2800 1200 2848; x_wconf 88' lang='lat' dir='ltr'>x,</span> <span class='ocrx_word' id='word_1_180' title='bbox 1239 2793 1283 2848; x_wconf 81' lang='lat'>1,</span> <span class='ocrx_word' id='word_1_181' title='bbox 1336 2791 1442 2840; x_wconf 89' lang='grc'><strong>100.</strong></span> 
     </span>
    </p>

    <p class='ocr_par' dir='ltr' id='par_1_6' title="bbox 524 2849 2441 3159">
     <span class='ocr_line' id='line_1_27' title="bbox 584 2849 2435 2913; baseline 0.001 -12"><span class='ocrx_word' id='word_1_182' title='bbox 584 2854 646 2910; x_wconf 81' lang='lat'>(2)</span> <span class='ocrx_word' id='word_1_183' title='bbox 682 2852 918 2909; x_wconf 65' lang='lat' dir='ltr'>Sumo,</span> <span class='ocrx_word' id='word_1_184' title='bbox 954 2853 997 2911; x_wconf 87' lang='lat'>1,</span> <span class='ocrx_word' id='word_1_185' title='bbox 1033 2862 1084 2901; x_wconf 83' lang='lat' dir='ltr'>v.</span> <span class='ocrx_word' id='word_1_186' title='bbox 1109 2876 1169 2885; x_wconf 90' lang='lat'>—</span> <span class='ocrx_word' id='word_1_187' title='bbox 1191 2849 1267 2902; x_wconf 85' lang='lat' dir='ltr'>Cr.</span> <span class='ocrx_word' id='word_1_188' title='bbox 1309 2850 1557 2901; x_wconf 71' lang='lat' dir='ltr'>Tunussm</span> <span class='ocrx_word' id='word_1_189' title='bbox 1598 2850 2214 2913; x_wconf 81' lang='lat' dir='ltr'>Adversaria,1‚x11,c.</span> <span class='ocrx_word' id='word_1_190' title='bbox 2240 2852 2435 2913; x_wconf 55' lang='lat' dir='ltr'>nostra</span> 
     </span>
     <span class='ocr_line' id='line_1_28' title="bbox 526 2911 2435 2974; baseline -0.001 -10"><span class='ocrx_word' id='word_1_191' title='bbox 526 2913 650 2964; x_wconf 88' lang='lat' dir='ltr'>Osci</span> <span class='ocrx_word' id='word_1_192' title='bbox 673 2912 788 2965; x_wconf 87' lang='lat' dir='ltr'>ludi</span> <span class='ocrx_word' id='word_1_193' title='bbox 813 2917 866 2963; x_wconf 86' lang='lat' dir='ltr'>et</span> <span class='ocrx_word' id='word_1_194' title='bbox 885 2912 1099 2964; x_wconf 82' lang='lat' dir='ltr'>fabulae</span> <span class='ocrx_word' id='word_1_195' title='bbox 1134 2923 1291 2963; x_wconf 83' lang='lat' dir='ltr'>oscae</span> <span class='ocrx_word' id='word_1_196' title='bbox 1312 2916 1369 2963; x_wconf 87' lang='lat' dir='ltr'>et</span> <span class='ocrx_word' id='word_1_197' title='bbox 1400 2913 1556 2971; x_wconf 85' lang='lat' dir='ltr'>mimi</span> <span class='ocrx_word' id='word_1_198' title='bbox 1589 2913 1775 2974; x_wconf 80' lang='lat' dir='ltr'>lingua</span> <span class='ocrx_word' id='word_1_199' title='bbox 1808 2923 2032 2964; x_wconf 86' lang='lat' dir='ltr'>romana</span> <span class='ocrx_word' id='word_1_200' title='bbox 2063 2923 2175 2963; x_wconf 90' lang='lat' dir='ltr'>non</span> <span class='ocrx_word' id='word_1_201' title='bbox 2211 2911 2435 2974; x_wconf 84' lang='lat' dir='ltr'>fiebant,</span> 
     </span>
     <span class='ocr_line' id='line_1_29' title="bbox 524 2973 2438 3036; baseline -0.001 -11"><span class='ocrx_word' id='word_1_202' title='bbox 524 2975 782 3026; x_wconf 83' lang='lat' dir='ltr'>Romanis</span> <span class='ocrx_word' id='word_1_203' title='bbox 829 2978 1013 3026; x_wconf 83' lang='lat' dir='ltr'>tamen</span> <span class='ocrx_word' id='word_1_204' title='bbox 1064 2973 1359 3026; x_wconf 84' lang='lat' dir='ltr'>intellecta.</span> <span class='ocrx_word' id='word_1_205' title='bbox 1408 2974 1522 3024; x_wconf 85' lang='lat' dir='ltr'>Etsi</span> <span class='ocrx_word' id='word_1_206' title='bbox 1566 2976 1715 3026; x_wconf 89' lang='lat' dir='ltr'>enim</span> <span class='ocrx_word' id='word_1_207' title='bbox 1763 2985 1827 3026; x_wconf 88' lang='lat' dir='ltr'>ea</span> <span class='ocrx_word' id='word_1_208' title='bbox 1875 2985 2005 3036; x_wconf 85' lang='lat' dir='ltr'>gens</span> <span class='ocrx_word' id='word_1_209' title='bbox 2050 2974 2231 3024; x_wconf 83' lang='lat' dir='ltr'>deleta</span> <span class='ocrx_word' id='word_1_210' title='bbox 2274 2977 2395 3024; x_wconf 82' lang='lat' dir='ltr'>erat</span> <span class='ocrx_word' id='word_1_211' title='bbox 2420 3013 2438 3035; x_wconf 80' lang='grc'><strong>,</strong></span> 
     </span>
     <span class='ocr_line' id='line_1_30' title="bbox 524 3036 2441 3148; baseline -0.001 -59"><span class='ocrx_word' id='word_1_212' title='bbox 524 3042 709 3089; x_wconf 85' lang='lat' dir='ltr'>tamen</span> <span class='ocrx_word' id='word_1_213' title='bbox 742 3036 1042 3148; x_wconf 71' lang='lat' dir='ltr'>etialmnum</span> <span class='ocrx_word' id='word_1_214' title='bbox 1074 3036 1288 3098; x_wconf 84' lang='lat' dir='ltr'>vigebat</span> <span class='ocrx_word' id='word_1_215' title='bbox 1318 3046 1523 3097; x_wconf 77' lang='lat' dir='ltr'>sei-mn,</span> <span class='ocrx_word' id='word_1_216' title='bbox 1558 3040 1612 3089; x_wconf 86' lang='lat' dir='ltr'>et</span> <span class='ocrx_word' id='word_1_217' title='bbox 1643 3036 1958 3089; x_wconf 84' lang='lat' dir='ltr'>comoediae</span> <span class='ocrx_word' id='word_1_218' title='bbox 1991 3037 2286 3098; x_wconf 82' lang='lat' dir='ltr'>agebantur</span> <span class='ocrx_word' id='word_1_219' title='bbox 2327 3036 2441 3087; x_wconf 88' lang='lat' dir='ltr'>Ro-</span> 
     </span>
     <span class='ocr_line' id='line_1_31' title="bbox 526 3109 1040 3159; baseline -0.002 -9"><span class='ocrx_word' id='word_1_220' title='bbox 526 3109 648 3151; x_wconf 88' lang='lat' dir='ltr'>mae</span> <span class='ocrx_word' id='word_1_221' title='bbox 681 3110 808 3150; x_wconf 84' lang='lat' dir='ltr'>osca</span> <span class='ocrx_word' id='word_1_222' title='bbox 864 3109 1040 3159; x_wconf 84' lang='lat' dir='ltr'>mgna.</span> 
     </span>
    </p>
   </div>
   <div class='ocr_carea' id='block_1_6' title="bbox 527 3158 2439 3529">
    <p class='ocr_par' dir='ltr' id='par_1_7' title="bbox 527 3158 2439 3529">
     <span class='ocr_line' id='line_1_32' title="bbox 588 3158 2436 3222; baseline -0.001 -10"><span class='ocrx_word' id='word_1_223' title='bbox 588 3163 651 3220; x_wconf 83' lang='lat'>(3)</span> <span class='ocrx_word' id='word_1_224' title='bbox 686 3161 1056 3221; x_wconf 63' lang='lat' dir='ltr'>Boucnssnon„</span> <span class='ocrx_word' id='word_1_225' title='bbox 1095 3159 1258 3222; x_wconf 80' lang='lat' dir='ltr'>praet.</span> <span class='ocrx_word' id='word_1_226' title='bbox 1293 3160 1363 3211; x_wconf 81' lang='lat' dir='ltr'>ad</span> <span class='ocrx_word' id='word_1_227' title='bbox 1396 3160 1643 3212; x_wconf 87' lang='lat' dir='ltr'>comoed.</span> <span class='ocrx_word' id='word_1_228' title='bbox 1679 3158 1895 3212; x_wconf 85' lang='lat' dir='ltr'>Terent.</span> <span class='ocrx_word' id='word_1_229' title='bbox 1930 3161 2170 3221; x_wconf 79' lang='lat' dir='ltr'>August.</span> <span class='ocrx_word' id='word_1_230' title='bbox 2208 3158 2436 3213; x_wconf 83' lang='lat' dir='ltr'>Taurin.</span> 
     </span>
     <span class='ocr_line' id='line_1_33' title="bbox 527 3233 2439 3347; baseline 0 -13"><span class='ocrx_word' id='word_1_231' title='bbox 527 3233 978 3344; x_wconf 42' lang='lat' dir='ltr'>uffgfgffbv&#39;idem</span> <span class='ocrx_word' id='word_1_232' title='bbox 1028 3287 1260 3347; x_wconf 86' lang='lat' dir='ltr'>tempus,</span> <span class='ocrx_word' id='word_1_233' title='bbox 1312 3283 1417 3335; x_wconf 83' lang='lat' dir='ltr'>boc</span> <span class='ocrx_word' id='word_1_234' title='bbox 1464 3287 1547 3335; x_wconf 81' lang='lat' dir='ltr'>est</span> <span class='ocrx_word' id='word_1_235' title='bbox 1594 3296 1752 3335; x_wconf 51' lang='lat' dir='ltr'>anno¹</span> <span class='ocrx_word' id='word_1_236' title='bbox 1788 3294 1947 3342; x_wconf 76' lang='lat' dir='ltr'>mxx.</span> <span class='ocrx_word' id='word_1_237' title='bbox 2002 3284 2095 3346; x_wconf 85' lang='lat' dir='ltr'>qui</span> <span class='ocrx_word' id='word_1_238' title='bbox 2143 3281 2248 3335; x_wconf 83' lang='lat' dir='ltr'>tuit</span> <span class='ocrx_word' id='word_1_239' title='bbox 2294 3283 2439 3335; x_wconf 84' lang='lat' dir='ltr'>alter</span> 
     </span>
     <span class='ocr_line' id='line_1_34' title="bbox 529 3345 2439 3411; baseline -0.001 -14"><span class='ocrx_word' id='word_1_240' title='bbox 529 3350 651 3411; x_wconf 87' lang='lat' dir='ltr'>post</span> <span class='ocrx_word' id='word_1_241' title='bbox 683 3346 842 3398; x_wconf 89' lang='lat' dir='ltr'>Ennii</span> <span class='ocrx_word' id='word_1_242' title='bbox 892 3345 1120 3407; x_wconf 86' lang='lat' dir='ltr'>obitum,</span> <span class='ocrx_word' id='word_1_243' title='bbox 1170 3346 1349 3408; x_wconf 82' lang='lat' dir='ltr'>prima</span> <span class='ocrx_word' id='word_1_244' title='bbox 1379 3346 1710 3397; x_wconf 83' lang='lat' dir='ltr'>bibliotheca</span> <span class='ocrx_word' id='word_1_245' title='bbox 1742 3345 1801 3397; x_wconf 90' lang='lat' dir='ltr'>in</span> <span class='ocrx_word' id='word_1_246' title='bbox 1834 3347 1968 3396; x_wconf 87' lang='lat' dir='ltr'>urbe</span> <span class='ocrx_word' id='word_1_247' title='bbox 2002 3347 2172 3397; x_wconf 82' lang='lat' dir='ltr'>Roma</span> <span class='ocrx_word' id='word_1_248' title='bbox 2214 3345 2439 3408; x_wconf 84' lang='lat' dir='ltr'>publico</span> 
     </span>
     <span class='ocr_line' id='line_1_35' title="bbox 527 3407 1999 3529; baseline -0.001 -69"><span class='ocrx_word' id='word_1_249' title='bbox 527 3408 1365 3529; x_wconf 35' lang='lat' dir='ltr'>’vgisfubbfssffffffss&#39;xlzifsem</span> <span class='ocrx_word' id='word_1_250' title='bbox 1402 3408 1469 3460; x_wconf 86' lang='lat' dir='ltr'>de</span> <span class='ocrx_word' id='word_1_251' title='bbox 1501 3407 1753 3460; x_wconf 84' lang='lat' dir='ltr'>biblioth.</span> <span class='ocrx_word' id='word_1_252' title='bbox 1790 3416 1999 3459; x_wconf 85' lang='lat' dir='ltr'>roman.</span> 
     </span>
    </p>
   </div>
  </div>
 </body>
</html>
