2673 4295
559 369 636 431 50
1190 388 1503 435 msrossmss
1544 386 1817 432 camme

558 487 697 533 men
735 468 800 529 in
855 467 1196 531 universum
1259 468 1725 530 animadvertere
1751 517 1766 545 ‚
1831 481 2157 546 perpaucos
2217 459 2466 525 omnino

560 554 698 610 tunc
738 546 934 619 fuisse,
983 548 1085 628 qui
1126 567 1189 610 se
1277 546 1616 627 hilosophos
1675 547 2137 627 profiterentur3
2198 548 2467 606 caeteros

557 633 755 690 autem
795 626 877 688 ita
919 647 981 691 se
1023 627 1096 690 ad
1140 627 1240 707 phi
1266 627 1569 707 osophiam
1612 626 1930 689 contulisse
1957 674 1971 700 ‚
2016 633 2083 687 ut
2134 621 2209 685 ad
2265 622 2466 702 perci-

555 705 831 786 piendam
860 707 1283 787 colendamque
1310 706 1587 769 virtutem
1616 706 1780 768 illius
1800 705 1994 768 studio
2014 703 2465 783 adiuvarentur,

555 793 730 878 atque
771 784 928 850 inter
967 788 1265 865 graviores
1305 785 1670 866 reipublicae
1722 805 1897 849 curas
1953 785 2261 849 honestam
2322 781 2466 846 inde

555 866 738 928 ammi
781 867 1189 929 remissionem
1233 874 1504 947 peterent
1543 865 1665 946 (1).

1332 1084 1571 1150 CAPVT
1610 1085 1683 1148 X.
1710 1083 1713 1086 ’

899 1237 968 1278 DF,
1012 1236 1424 1282 SCRIPTORIBVS
1465 1235 1669 1281 RERVM
1719 1235 2115 1280 NATVRAMVM.

1223 1387 1307 1450 M.
1357 1387 1589 1452 Porcius
1636 1377 1793 1452 Cato.

629 1558 824 1620 Pauca
865 1559 984 1620 iam
1026 1557 1098 1620 de
1140 1557 1217 1620 M.
1261 1556 1457 1621 Porcii
1498 1556 1734 1622 Catonis
1791 1573 1825 1619 o
1868 1555 2068 1618 eribus
2108 1554 2459 1637 deperditis.

549 1638 754 1702 Restat
792 1644 860 1698 ut
899 1636 1156 1702 breviter
1194 1635 1464 1701 dicamus
1504 1637 1578 1700 de
1618 1637 1747 1700 eius
1787 1574 1942 1712 lissro
1984 1635 2067 1698 De
2108 1655 2171 1696 re
2222 1637 2462 1714 rustica,

549 1716 653 1798 qui
702 1715 864 1780 solus
923 1716 1117 1779 adhuc
1177 1724 1388 1780 exstat.
1452 1715 1617 1779 Hanc
1673 1715 1929 1796 opellam
1991 1715 2158 1776 aiunt
2219 1714 2413 1779 critici

547 1797 727 1860 talem
789 1797 863 1857 ad
922 1813 1032 1859 nos
1093 1813 1213 1859 non
1274 1795 1644 1878 pervenisse,
1689 1795 1923 1876 qualern
1966 1802 2175 1859 auctor
2212 1795 2342 1876 ipse
2384 1764 2466 1857 ad

547 1877 739 1940 filium
780 1876 1226 1957 perscripserat,
1269 1876 1372 1940 sed
1412 1876 1581 1939 foede
1622 1894 1656 1937 a
1696 1873 2097 1954 grammaticis
2135 1873 2466 1938 detrunca-

547 1963 669 2017 tam
711 1964 887 2036 atque
928 1957 1084 2018 inter
1126 1957 1358 2019 olatam·
1379 1955 1588 2034 fuisse,
1618 1957 1721 2036 qui
1750 1956 1943 2019 varios
1970 1971 2197 2035 pannos
2225 1972 2295 2016 ex
2324 1955 2466 2017 aliis

548 2035 783 2100 Catonis
825 2035 992 2098 libris
1032 1975 1369 2099 acfsuerent.
1413 2035 1528 2099 Sed
1555 2054 1962 2116 quaecumque
1988 2053 2057 2097 ea
2086 2035 2325 2096 demum
2355 2035 2463 2107 sit,

547 2116 765 2194 magni·
791 2121 1001 2178 tamen·
1028 2115 1319 2193 facienda,
1365 2124 1667 2196 tamquam
1711 2121 2161 2178 monumentum
2209 2113 2467 2178 histori-

546 2213 706 2257 cum.
751 2192 1057 2274 Siquidem
1099 2195 1402 2275 antiquior
1441 2212 1637 2259 sermo
1678 2202 1737 2258 et
1778 2195 2065 2274 quaedam
2121 2194 2463 2272 horridiora

545 2272 748 2350 verba,
793 2290 946 2352 quae
985 2274 1071 2335 ibi
1110 2282 1433 2337 occurrunt
1458 2324 1473 2344 ,
1535 2292 1659 2339 non
1720 2275 1895 2337 modo
1957 2274 2152 2355 ipsum
2218 2274 2465 2337 Catonis

546 2352 813 2417 animum
854 2352 1202 2433 depingunt,
1246 2353 1349 2417 sed
1391 2364 1451 2417 et
1491 2372 1872 2417 romanarum
1915 2354 2250 2434 litterarum
2290 2353 2465 2418 illius

546 2433 754 2496 aetatis
796 2434 1094 2515 specimen
1136 2433 1307 2496 nobis
1350 2434 1627 2497 exhibent
1667 2434 2065 2497 verissimum.

1313 2654 1548 2719 CAPVT
1592 2655 1689 2716 Xl.

1019 2804 1118 2850 DE
1188 2804 1961 2850 IVRISPRVDENTIA.

625 2935 692 2999 In
733 2955 968 3001 summo
1050 2940 1216 3009 retio,
1264 2939 1354 3001 vel
1420 2938 1493 2999 ab
1556 2937 1985 3018 antiquissimis
2041 2936 2416 3017 temporibus
2444 2991 2462 3018 ‚

544 3018 729 3110 fuisse
789 3017 944 3112 apud
1009 2957 1305 3081 Romanos
1368 3017 1941 3111 iurisprudentiam‚
1987 3025 2046 3079 et
2092 3017 2469 3109 clarissimos

544 3116 701 3161 viros
739 3097 986 3160 huiusce
1014 3099 1209 3161 studio
1240 3100 1567 3180 praefuisse
1596 3105 1845 3176 constat,
1866 3116 2055 3177 quam
2079 3098 2469 3175 eloquentiae

609 3300 670 3359 (l)
704 3298 759 3351 V.
796 3300 981 3371 Teu„
1018 3298 1161 3371 prat.
1196 3309 1297 3361 pro
1331 3299 1531 3351 Archia
1562 3302 1741 3362 poeta,
1778 3301 1881 3351 vil.
1917 3326 1979 3336 —-
2010 3300 2076 3351 Η.
2112 3300 2170 3373 F,
2195 3301 2466 3376 Reman.

543 3359 1256 3482 margaretam?
1279 3362 2035 3484 aar¹sarsssr³fss230ffi÷328
2069 3362 2470 3426 ⁹¹¹¹¹⁰⁸⁰⁹¹¹¹20
